2324 3886
453 157 491 200 nn
507 157 572 202 nno.
950 139 1006 206 121

28 293 55 332 ac
71 277 189 348 proinde
211 279 296 333 etiam
316 277 440 346 primun
463 278 602 349 gratiam,
630 292 689 346 qua
708 277 785 332 Deus
806 277 903 348 ipsum
923 293 1006 350 prae-

27 357 182 412 destinatum
204 358 372 426 praevenire
393 364 421 412 et
442 358 568 414 excitare
589 356 727 412 decrevit.

71 439 140 492 Huic
160 438 278 493 veritati
298 438 426 506 oppositi
448 443 515 492 sunt
536 437 613 492 varii
634 451 753 492 errores.

71 517 179 572 Primus
208 517 264 570 tuit
290 516 439 587 Origcnis,
472 518 524 586 qui
552 515 675 571 asseruit
702 515 755 570 lib.
774 514 799 572 1.
825 513 889 602 aspi
908 505 1004 590 ἀρχῶν

26 609 72 666 cap.
86 597 112 650 8.
153 597 246 650 Deum
274 595 312 648 ad
332 595 607 666 praedestinationis
630 596 752 666 gratiam
772 595 885 652 homini
906 598 1003 652 confe-

27 675 123 730 rendam
144 677 255 731 moveri
275 685 393 745 propter
413 675 491 732 bona
511 690 608 744 opera,
631 689 704 746 quac
719 677 826 744 anima,
848 682 1003 744 antequam

26 751 73 822 ejus
92 757 206 825 corpori
228 755 372 821 uniretur,
395 755 540 822 exercuit3
568 753 754 810 existimabat
773 756 868 822 enim,
891 755 1002 812 animas

26 847 103 890 onnes
122 843 189 889 ante
210 835 289 890 hunc
309 833 450 892 mnndum
472 849 642 903 corporeum
663 833 751 888 simul
772 833 861 891 inisse
882 843 1001 889 creatas.

70 914 146 976 Hunc
168 929 293 970 errorem
315 915 424 970 refellit
441 915 472 968 s,
490 913 615 970 Thomas
637 928 664 982 q.
681 911 729 967 23.
752 920 804 968 art.
821 916 847 970 5.
874 913 1000 971 anthari„

25 997 67 1045 trlc
84 995 217 1064 Apostoli
239 991 282 1048 ati
298 993 381 1048 Rom.
397 991 425 1050 9.
449 992 500 1046 ubi
522 993 616 1050 Jacob
644 993 783 1062 electum,
813 1000 841 1046 et
861 993 938 1050 Esau
959 1009 1002 1049 re·

25 1072 154 1138 probatum
177 1073 267 1128 dicit:
292 1073 359 1128 Gom
378 1075 495 1128 nondam
515 1075 574 1126 oali
596 1073 690 1138 esraa,
714 1081 761 1126 aut
779 1075 925 1144 quidquam
939 1073 1003 1131 boni

25 1151 56 1202 orl
70 1153 128 1205 moli
147 1155 274 1224 epissent.
318 1153 402 1219 Quod
423 1160 519 1212 autern
541 1152 630 1217 dicit,
653 1151 764 1207 animas
780 1159 845 1208 ante
860 1153 1001 1211 mundum

25 1243 170 1298 corpoream
192 1233 428 1303 consecrastis,
455 1233 510 1286 hoc
538 1232 575 1285 ab
596 1231 729 1286 Ecclesia
757 1230 925 1288 damnatum
946 1233 1002 1286 fuit

25 1306 46 1360 in
63 1310 187 1368 Concilio
209 1312 399 1367 Lateranensi
421 1310 474 1364 snb
495 1311 665 1366 Innocentio
680 1309 730 1364 ΙΙΙ.
754 1327 821 1366 sess.
837 1311 866 1366 8.

69 1389 92 1442 3.
131 1389 283 1446 Secundus
305 1407 384 1445 error
405 1391 460 1444 fuit
481 1389 720 1462 Pelagianorum,
750 1391 801 1460 qui
826 1390 999 1460 asscrebant,

25 1464 145 1526 honinem
167 1461 307 1540 opiribus
329 1471 432 1536 bouis,
461 1486 513 1538 per
543 1470 618 1523 solas
648 1470 793 1524 naturales
815 1468 933 1526 'arbitrii
955 1473 1001 1528 sui

27 1545 83 1600 rircs
110 1552 212 1616 factis,
248 1549 369 1616 gratiam
404 1547 678 1619 praedestinationis
713 1565 797 1620 posse
831 1553 998 1620 promereri.

27 1623 86 1681 Hanc
110 1630 231 1686 illorum
253 1629 468 1692 Haereticorurn
497 1629 667 1684 sententiam
694 1629 824 1698 explicat
852 1631 878 1684 S.
902 1632 1001 1701 Angu-

27 1705 96 1760 rtinns
119 1709 172 1763 lib.
204 1709 241 1763 de
268 1708 413 1763 Praedcst.
447 1716 611 1762 sanctorum
643 1723 706 1777 cap.
731 1707 776 1764 18.
809 1709 854 1764 his
887 1707 999 1764 verbis:

27 1781 175 1843 Praescishat
189 1791 267 1843 Deus
288 1785 345 1860 (cit
366 1787 565 1860 Pelagianus)‚
586 1790 633 1858 qui
646 1788 739 1857 saturi
760 1798 847 1842 essert
867 1791 955 1843 sancti
975 1793 1004 1844 et'

27 1861 163 1922 crocotas
177 1887 235 1940 per
256 1869 357 1922 liberae
377 1867 524 1922 voluntatis
543 1868 691 1932 arbitrium,
719 1878 744 1922 ct
765 1871 825 1922 ideo
846 1886 891 1922 eas
911 1887 1002 1924 omaso

28 1951 72 1995 arte
87 1946 174 2002 macrii
196 1949 411 2002 constitutionem
431 1949 460 2000 iro
481 1949 542 2016 ipsa
562 1963 613 2000 saa
629 1950 822 2016 praescientia,
845 1951 911 2020 qaia
932 1951 1000 2006 tales

23 2019 107 2085 saluos
126 2045 182 2082 csse
199 2029 365 2098 praescivit,
396 2028 483 2096 clepit.
532 2027 569 2079 Et
594 2029 727 2096 quamvis
748 2027 895 2082 interdum·
917 2027 1001 2082 Pola·

29 2099 87 2170 gius,
106 2117 135 2160 nt
155 2107 275 2162 veritati
295 2109 393 2162 incarn
415 2107 536 2172 iaceret,
566 2113 593 2160 et
614 2106 762 2162 Ecclesiae
784 2107 999 2182 damnationem

29 2180 148 2254 tingeret,
178 2187 278 2242 verbis
306 2186 467 2258 magnificis
493 2186 614 2256 gratiam
637 2186 897 2252 commendaverit3
927 2203 1003 2241 nun-

30 2269 91 2324 quan
110 2273 204 2322 tamon
227 2283 263 2320 cx
284 2267 379 2319 animo
400 2265 558 2334 pristinum
587 2279 712 2320 errorem
738 2267 920 2336 retractavit,
949 2266 1001 2320 scd

28 2335 90 2395 illnn
107 2348 195 2401 variis
219 2343 373 2403 vorborum
395 2329 710 2409 involucrislobtegcro
738 2359 850 2412 semper
878 2354 998 2400 conatus

29 2425 71 2482 0⁸¹,
96 2432 122 2476 nt
147 2433 229 2495 patet
257 2441 294 2480 ex
322 2426 348 2478 S.
375 2424 533 2494 Augustini
560 2431 619 2478 toto
648 2425 706 2478 iere
734 2423 811 2478 libro
841 2424 876 2478 de
899 2423 1000 2496 Gratia

30 2491 125 2570 Christi,
147 2521 179 2560 ac
202 2505 371 2573 praesertim
393 2519 429 2556 ex
444 2518 507 2573 cap.
524 2503 551 2557 3.
567 2502 594 2556 4.
611 2502 638 2557 6.
655 2503 682 2558 1.
698 2501 724 2557 9.
741 2503 777 2558 41
796 2511 823 2558 et
837 2503 884 2558 ta.
914 2503 1001 2570 Quod

30 2571 50 2624 itt
66 2585 174 2638 tractatu
198 2584 234 2639 de
260 2585 352 2655 gratia
380 2583 471 2636 insius
500 2583 711 2652 explicabitur,
741 2583 794 2638 ubi
824 2583 998 2655 ostendetur,

30 2649 84 2711 lunc
108 2677 230 2718 errorem
260 2677 276 2717 a
302 2662 420 2717 summis
448 2659 638 2716 Pontificibus
660 2663 842 2730 Innocentio,
873 2663 1000 2731 Zosimo‚

32 2729 164 2796 Coelcstino
186 2750 216 2798 et
236 2759 254 2796 a
275 2742 415 2797 conciliis
429 2742 619 2811 Milevitcno,
642 2743 862 2814 Carthaginensi
883 2751 911 2797 et
932 2744 1000 2798 aliis

32 2807 167 2878 &unctum
189 2823 288 2881 inisse.
355 2861 357 2866 .
397 2854 400 2864 ·

73 2894 131 2967 Ejus
146 2910 221 2958 carte
237 2902 349 2956 falsitas
363 2901 513 2958 manifeste
528 2901 687 2956 revincitur
698 2901 734 2955 ab
747 2901 848 2956 eodem
860 2903 886 2956 S.
899 2902 1000 2974 Augu·

32 2969 85 3026 rtino
103 2978 150 3033 lib.
174 2983 222 3036 cit.
246 2981 283 3035 dc
300 2980 445 3036 Prscdest.
470 2989 560 3036 sanat.
581 2995 645 3050 cap.
660 2979 705 3036 18.
729 2997 765 3035 cx
785 2981 848 3036 illis
862 2983 1000 3050 Apostoli

33 3049 103 3109 verbis
122 3060 158 3114 ad
177 3061 253 3130 Epir
271 3061 295 3116 1.
322 3061 415 3129 Eleptr
435 3078 483 3114 roos
505 3061 533 3114 ia
554 3061 612 3130 ipso
633 3069 696 3114 anta
716 3061 809 3116 maadi
829 3063 1000 3126 coarctatio-

32 3139 85 3194 ”lmr
108 3147 135 3190 at
161 3158 276 3194 canamus
302 3142 390 3194 sancti
411 3148 436 3194 st
457 3139 630 3194 immaculati.
672 3139 718 3194 Ex
738 3141 845 3210 quibus
868 3143 910 3200 sia
932 3157 1000 3196 cone

33 3203 115 3290 Cludit:
140 3219 201 3274 Noc
222 3237 286 3290 arpo
307 3221 372 3292 qaia
386 3219 479 3289 saturi
500 3237 621 3283 cramus,
644 3219 692 3274 aeri
712 3229 741 3274 ut
761 3237 877 3276 essemus
897 3223 1000 3286 sanctif

34 3284 76 3339 'dffl
92 3299 182 3367 quippe
202 3301 270 3354 tales
298 3315 404 3354 cramus
425 3299 532 3369 futuri,
561 3301 626 3371 qaia
653 3300 732 3368 eleari
760 3301 817 3370 ipsa
840 3302 1000 3370 praedesti-

35 3377 94 3434 1111,
113 3384 139 3428 at
158 3381 223 3433 tales
239 3395 298 3448 per·
312 3379 509 3448 pratiamojas
531 3396 656 3434 essemus.

76 3447 98 3502 4.
134 3455 231 3513 Errorl
252 3458 474 3528 Pelagianorum
494 3457 590 3512 aiflnis
612 3459 667 3515 tuit
691 3473 769 3514 orror
790 3458 999 3528 semipelagia-

37 3531 110 3586 litlu
124 3541 150 3590 et
161 3535 396 3605 Massiliensium,
417 3538 468 3610 qui
482 3529 550 3594 licet
565 3531 730 3608 iacerentur,
746 3553 797 3592 nos
813 3537 875 3592 sine
890 3535 1000 3592 Christi
