2324 3886
474 169 595 219 enom.
969 151 1028 222 tto

48 291 139 355 roserit
160 291 331 347 electionem
353 288 514 348 chalman
535 298 562 344 et
582 290 732 346 eiicoosm
749 291 786 346 od
808 291 947 363 moriers,
970 309 1029 348 nou

49 371 96 426 nisi
115 371 227 426 ratione
244 371 446 440 praevisorem
467 369 633 428 meritorum
654 369 746 428 eDoo
767 372 965 439 fontanense,
986 375 1030 428 ro

49 449 100 504 dori
121 451 208 520 longe
227 449 464 520 probabiliorem.

99 527 116 562 ⁴*
135 529 212 592 Tum
234 524 272 584 ob
292 529 480 592 authoritates
499 537 530 586 ot
549 529 674 584 ustiones
694 530 820 586 sectione
834 531 1030 600 praecedenti

48 610 156 676 cliens,
188 617 251 668 tum
280 609 407 667 maxime
437 609 508 680 quta
538 610 680 666 sententio
708 609 762 664 ills
788 612 948 685 communis
975 613 1030 671 tuit

47 690 164 750 omniurn
188 689 237 744 SS.
259 688 392 754 Petrum,
414 689 466 760 qui
486 695 703 760 preeosesernut
723 689 750 746 S.
772 689 976 760 Argennon,
998 695 1032 746 ut

48 769 140 824 fatetur
172 769 202 824 S.
223 768 349 838 Prosper
376 767 441 838 ejns
470 767 653 837 discipulos,
684 769 807 838 epistole
837 767 876 822 oti
906 768 1029 826 eunden

48 848 69 900 S.
82 849 288 920 Augustinum,
309 863 383 918 quoe
397 846 459 918 eJus
479 847 557 906 libro
579 847 615 904 tie
634 847 897 918 praedestinatione
912 847 1032 905 Sancto»
1053 892 1056 903 .

47 943 98 980 rum
111 927 244 997 praefixe
258 935 309 994 est,
331 926 383 980 ubi
402 942 537 996 expresse
558 926 640 994 dicit,
664 925 890 998 quodomnium
910 929 1030 985 illorum

47 1008 221 1077 antiquorum
244 1007 361 1062 Petrum
380 1023 434 1076 par
455 1007 588 1066 invenitor
609 1017 634 1060 et
653 1025 707 1062 ano
728 1009 868 1070 sententia,
891 1025 944 1078 qno
959 1025 1031 1076 prc-

43 1089 148 1153 posittcn
171 1097 198 1142 et
213 1087 490 1156 praedestinationem
507 1087 565 1140 Dei
585 1089 728 1142 amnone
746 1089 957 1156 praescientiam
978 1102 1030 1142 ret·

48 1175 178 1234 ceperam,
209 1175 238 1219 nt
259 1167 291 1220 ob
312 1167 361 1222 ,noc
380 1165 456 1220 Dans
477 1167 546 1222 alies
566 1180 634 1222 occe
654 1167 776 1232 tonan,
806 1168 874 1222 alios
895 1177 1031 1226 ccntnntev
1076 1209 1077 1217 ,

48 1245 91 1298 tiae
103 1247 222 1316 fecerit,
243 1247 309 1316 quta
326 1246 420 1302 Fidens
433 1246 639 1318 anicsetp'asqcc
648 1248 833 1316 praeciderit,
852 1256 882 1302 et
901 1247 949 1300 sab
971 1249 1030 1316 ipoo

46 1327 140 1392 cratiae
169 1326 322 1394 adjutorio,
352 1327 380 1380 in
400 1342 455 1396 qna
468 1326 582 1396 moreto
601 1332 688 1390 esset,
718 1327 852 1380 oohntate
879 1335 905 1380 ct
925 1327 1030 1382 actione

42 1407 219 1471 praesciverit.
1024 1433 1027 1438 ·

95 1483 204 1538 Eodem
227 1484 313 1538 etism
334 1485 478 1538 sententis
496 1485 655 1540 communis
669 1484 726 1538 fuit
739 1499 825 1556 quom
838 1485 1029 1555 plurimorum

48 1561 86 1616 SS.
107 1563 226 1620 Petrum
259 1575 287 1616 ot
316 1563 473 1622 Doctorum
503 1562 676 1618 Graecorum
708 1571 736 1618 et
763 1564 947 1630 Latinorum,
980 1565 1031 1634 qni

47 1650 101 1709 post
115 1645 140 1698 S.
156 1643 352 1713 Augustiana
366 1644 555 1712 scripserunt,
575 1653 608 1698 ut
621 1643 678 1698 ¹viti
713 1658 728 1698 e
749 1651 791 1698 est
812 1641 889 1714 opud
901 1645 1032 1704 Lessinm

47 1721 72 1772 in
90 1737 187 1792 opusc.
213 1722 249 1776 dc
268 1721 411 1794 praedest.
431 1729 460 1776 ot
473 1721 584 1792 reprob.
600 1730 667 1777 scot.
704 1761 712 1776 .
754 1724 920 1780 Communis
934 1731 1031 1778 nutem

48 1799 89 1854 ille
109 1803 226 1858 Petrum
250 1810 278 1855 ct
299 1801 455 1856 Doctorum
478 1815 635 1856 coueensns
654 1803 777 1858 maximi
794 1801 934 1872 ponderis
953 1801 1031 1872 sputi

49 1893 238 1952 quemcunque
253 1881 432 1953 'theologum
447 1897 507 1936 esso
522 1879 622 1948 debet,
645 1882 682 1936 ed
703 1881 884 1952 prebendam
905 1881 1030 1954 alicujus

48 1964 192 2016 sententiae
213 1963 372 2016 veritatem.
446 2005 449 2011 ,
659 2000 661 2009 ·

96 2039 122 2094 3.
164 2041 247 2106 Quen
269 2048 361 2094 entem
381 2055 437 2110 -pro
459 2041 600 2094 cententio
622 2041 756 2110 opposite
776 2035 865 2095 clln‘te
886 2049 967 2108 sunt,
989 2042 1031 2095 to·

48 2117 93 2172 cilo
113 2119 239 2174 dissolvi
260 2125 388 2189 possunt.
430 2118 478 2173 Ad
497 2120 623 2189 primum
646 2122 722 2176 onim
746 2121 840 2174 lecum
863 2120 1032 2190 scripturae

49 2198 271 2266 respondendum
298 2207 355 2266 est,
386 2199 530 2256 Christum
552 2200 706 2257 Dominum
729 2199 811 2270 loqui
840 2197 875 2252 tie
904 2200 1031 2269 complo-

50 2280 130 2332 coutie
151 2279 245 2334 dandi
266 2293 396 2350 regnum,
417 2294 474 2332 uon
496 2278 640 2346 absoluto,
661 2278 711 2332 ceti
727 2277 934 2346 conditionate,
956 2280 1033 2334 sicut

51 2363 72 2407 st
87 2359 239 2426 promissio
260 2357 352 2414 dandi
372 2356 501 2428 ejusdem
522 2359 604 2430 regni
624 2373 682 2412 nou
707 2357 856 2424 obsolute,
885 2357 935 2412 sed
963 2373 1030 2412 oon-

53 2430 181 2494 diticnatu
200 2443 260 2506 est,
276 2446 307 2490 nt
328 2448 463 2508 expresse
478 2437 580 2492 definit
595 2437 756 2492 Concilium
773 2435 902 2493 ’l'rideut
918 2452 985 2492 sess.
1002 2438 1029 2492 Cn

52 2525 100 2568 ton.
114 2515 161 2571 20.
554 2565 559 2571 ,
939 2547 941 2552 -

99 2597 145 2650 Ad
173 2595 348 2662 secundum,
379 2597 468 2650 vitum
497 2602 638 2650 aeternam
668 2596 728 2652 dici
749 2595 786 2650 ob
807 2596 948 2666 Apostolo
970 2611 1033 2668 grs-

52 2672 109 2728 tiem
129 2676 202 2744 Dei,
230 2688 288 2732 usn
317 2675 386 2744 quie
414 2675 500 2746 gratis
521 2675 653 2730 obsolute
674 2675 788 2731 decreto
809 2675 862 2742 sit,
891 2675 941 2730 so'd
963 2677 1033 2745 qnia

52 2756 233 2826 pergratiam
256 2754 311 2809 Dei
333 2753 492 2810 obtinentin
518 2755 564 2811 sit.
613 2755 650 2808 Et
677 2762 841 2826 praetereo,
870 2757 940 2826 quio
966 2769 1031 2812 cum

54 2831 109 2886 tslis
128 2843 155 2888 et
176 2843 257 2890 tants
278 2835 331 2901 sit,
360 2849 413 2904 pro
440 2833 528 2888 valde
556 2836 670 2905 exiguis
692 2833 829 2906 oporibus
850 2849 887 2888 cx
908 2836 1032 2906 gratuito

54 2905 96 2964 Dei
114 2912 308 2983 beneplacito·
321 2915 358 2968 sit
378 2923 515 2984 nequem
537 2916 831 2970 mercescoustitutn.
876 2933 881 2954 t

101 2991 145 3046 Λᾶ
166 2994 283 3050 tertium
306 2991 461 3050 dicendum
483 3001 541 3059 est,
570 2993 852 3064 proeordinetioncm
879 2994 966 3048 illem·
990 2994 1034 3048 in—

55 3068 230 3142 telligentium
251 3086 313 3126 esse
337 3084 395 3128 nou
424 3071 461 3126 od
490 3072 631 3144 gloriam,
660 3072 712 3126 soti
733 3073 769 3128 cd
792 3069 912 3141 Finem
937 3074 1033 3145 justus

55 3147 118 3204 enim
141 3151 185 3222 (ut
205 3153 247 3208 uit
266 3152 425 3221 Apostolus
446 3149 532 3209 Rom
547 3151 589 3224 1.)
611 3167 648 3206 ex
668 3151 737 3206 Fide
758 3153 848 3220 vivit,
878 3161 905 3207 et
924 3157 972 3219 (ut
991 3153 1035 3212 lo·

55 3227 139 3294 quitur
161 3230 303 3301 Christos)
328 3232 399 3287 haec
428 3239 470 3286 est
497 3231 558 3286 vito
585 3239 716 3298 cetoros,
746 3242 777 3288 ut
805 3240 978 3303 cognoscent
1006 3240 1034 3294 te

55 3299 133 3364 Deum
161 3325 274 3376 venito,
303 3320 333 3367 ot
360 3325 445 3380 qnem
468 3311 578 3366 misisti
603 3309 702 3370 Jesntu
732 3312 893 3378 Christum,
921 3310 968 3364 id:
981 3316 1032 3375 ost,

55 3379 113 3440 hooc
132 3399 174 3444 eet
192 3389 334 3460 quaedem
355 3390 502 3446 inchoetio
523 3391 600 3444 nine
622 3397 771 3458 oeternis,
787 3399 832 3445 =nt
859 3395 1035 3460 cognoscent

54 3457 132 3592 {icum
150 3481 203 3538 per
214 3467 324 3537 Fidem,
338 3483 424 3540 quem
446 3470 591 3541 cognitori
612 3477 679 3525 sunt
700 3477 800 3539 posteo
819 3483 872 3540 per
891 3469 1033 3522 visionem

71 3545 212 3604 euinctus.
