2314 3888
120 167 183 236 686
523 184 563 230 nu
583 183 705 231 omri.
734 207 738 214 -
782 185 786 190 ·

121 305 233 364 Nostris
253 305 477 378 erumpentibus
497 305 606 362 meritis
627 305 735 371 erecti,
756 305 834 360 nihil
852 295 948 360 Nobis
968 306 1114 376 antiquius

122 399 159 442 ex
180 387 306 442 muueris
326 385 423 442 Nostri
444 383 543 440 debite
563 397 627 440 ease
647 383 800 451 duximus,
829 395 918 455 quam
947 395 979 439 ut
1004 391 1115 440 suumne

122 464 203 522 Fidei
229 465 365 533 Nostrae,
392 481 428 521 ao
453 479 599 520 sacrorum
619 463 784 536 degustem
804 464 986 536 integritati,
1014 461 1116 519 trudita

122 543 254 600 Nobis-a
274 546 335 600 Deo
354 553 496 616 potcttste
517 551 678 615 opportune
699 544 926 599 consuleremus.

181 641 225 696 Ac
252 641 322 696 licet
349 655 398 708 ea,
415 651 501 712 'quse
529 639 698 710 apostolicis
719 635 981 696 constitutionibus
1005 637 1116 694 abunde

121 721 238 776 suerunt
265 719 400 792 definita,
416 725 519 775 'nerse
541 719 698 774 decisionis
719 732 770 774 sco
794 718 1007 775 declarationis
1028 733 1115 774 acces·

122 801 203 856 sione
230 812 412 871 nequequam
443 799 608 871 indigeaut3
640 799 709 870 qnia
735 807 830 854 umen
859 799 955 870 aliqui
985 797 1115 870 publicae

122 879 343 950 tranquillitatis
370 877 584 951 perturbatores
614 877 668 934 iile
694 879 726 932 in
747 877 868 932 dubium
889 890 1049 946 revocare,
1076 879 1116 932 vei

122 958 256 1014 subdolis
283 957 572 1029 interpretationibus
599 957 775 1013 lsbeiactare
808 973 865 1012 uon
896 966 1057 1013 verentur:
1087 973 1116 1012 ne

123 1038 240 1094 morbus
261 1041 316 1094 iate
336 1039 424 1094 letius
446 1039 619 1110 divagetur,
634 1045 801 1109 promptum
823 1037 1006 1108 apostoticae
1026 1037 1118 1093 autho·

122 1117 216 1172 nitetis
244 1115 404 1174 remedium
431 1119 596 1172 censuimus
624 1128 681 1172 non
711 1133 773 1172 esse
792 1115 997 1172 differendum.
1037 1119 1119 1172 'Emt-

123 1198 205 1252 navit
239 1197 384 1270 siquidem
419 1197 491 1252 aliut
528 1212 544 1250 a
578 1197 673 1252 ieiicis
709 1195 918 1252 recordationis
940 1197 1120 1252 'Innocentio

123 1276 204 1346 Papa
216 1277 252 1332 X.
273 1275 493 1346 praedecessore
512 1275 616 1332 Nostro
638 1277 824 1342 constitutio,
843 1275 1009 1332 declaratio
1032 1286 1060 1332 et
1079 1277 1120 1331 de·

124 1356 235 1424 initio,
258 1357 364 1412 tenoris
386 1357 437 1427 qui
458 1357 603 1428 sequitur,
625 1355 779 1410 videlicet:

184 1451 383 1510 Innocentius
403 1451 566 1524 Episcopus
594 1469 694 1508 servus
722 1467 869 1522 servorum
890 1449 948 1505 Dei
979 1455 1121 1508 universis

125 1529 234 1588 'Christi
261 1531 399 1587 fidelibus
428 1531 565 1600 salutem,
595 1541 623 1586 et
654 1528 842 1602 apostolicum
872 1531 1119 1590 benedictionem.

124 1609 196 1666 Cum
216 1614 369 1668 occasione
390 1613 591 1682 impressionis
613 1609 698 1678 libri,
728 1609 776 1665 cui
802 1611 902 1665 titulus
932 1620 980 1666 est
1002 1613 1120 1686 Augu·

125 1691 250 1746 stinus
286 1691 462 1746 Cornelii
496 1691 675 1746 Jensenii
708 1689 895 1765 Episcopi
931 1688 1120 1784 iprensis,

121 1771 197 1823 inter
218 1761 291 1822 elius
314 1770 375 1840 ejus
397 1771 550 1840 opiniones
572 1779 633 1824 erte
647 1771 752 1840 fuerit,
773 1771 969 1840 praesertim
959 1787 995 1825 ιιι
1012 1771 1119 1838 Galliis,

121 1835 319 1904 coutroversiu
340 1849 576 1922 superquinque
599 1849 734 1916 exiliis,
765 1850 928 1920 complures
960 1849 1120 1906 Galliarum

87 1931 93 1946 ¹
121 1922 262 2000 Episcopi
292 1926 371 2000 epud
401 1945 453 1986 nos
481 1929 663 1996 institerunt,
696 1937 728 1983 ut
759 1927 872 1984 eusdem
903 1933 1116 2012 propositiones

121 1999 211 2063 Nobis
234 2005 345 2062 oblutas
367 2007 611 2078 expenderemus,
634 2025 668 2063 sc
690 2007 725 2062 de
746 2023 921 2082 unaqueque
943 2025 1048 2066 earum
1064 2025 1115 2064 cer-

120 2092 178 2142 tem
200 2095 228 2142 et
247 2089 431 2159 perspicuum
453 2089 590 2143 terremus
612 2089 792 2144 sententium

176 2265 286 2324 Terror
307 2281 378 2326 uero
395 2265 613 2344 praefuturum
630 2271 874 2344 propositionum
897 2275 942 2326 cet
966 2277 1064 2344 prout

546 2353 688 2427 cequitm

184 2477 322 2530 Prima:
345 2477 455 2547 Aliqua
477 2470 531 2531 Dei
552 2485 706 2548 praecepte
726 2477 892 2548 homiuibus
910 2477 1008 2547 justis
1030 2481 1118 2533 volen-

124 2556 201 2610 tibus
217 2565 245 2609 et
260 2555 448 2624 comentibus,
471 2557 628 2612 secundum
643 2563 806 2627 praesentes
823 2571 892 2627 quus
910 2557 1028 2613 hubent
1042 2561 1119 2628 vires,

121 2644 195 2770 {ciffi
216 2636 430 2770 ἑιὲιξιιιιιίἶιίἰίῃ
461 2636 540 2690 deest
569 2651 683 2708 quoque
711 2637 772 2690 illis
801 2639 910 2708 gretie,
944 2652 1008 2707 quc
1034 2639 1118 2709 pessi·

127 2807 369 2868 'rsecunde
413 2810 548 2868 Interiori
557 2815 686 2886 gretiee
713 2813 744 2906 in
773 2821 847 2898 stetu
875 2781 1002 2889 neturus
1027 2813 1117 2884 lspssc

121 2907 269 2966 nunquam
290 2891 443 2945 resistitur

182 2989 329 3042 Tertio.
352 2987 400 3042 Ad
421 2973 589 3042 merendum
611 2995 638 3041 et
659 2985 864 3044 demerendum
885 2988 916 3042 in
940 2998 1022 3044 stetu
1041 2999 1111 3043 netu·

121 3081 168 3119 rae
190 3067 305 3134 iepsue,
327 3082 386 3122 uon
407 3068 566 3138 requiritur
585 3068 620 3121 irs
636 3067 755 3120 homine
770 3067 889 3120 libertas
906 3083 923 3121 n
938 3073 1112 3132 necessiute,

119 3142 170 3194 sed
192 3144 297 3200 suffieit
318 3145 438 3206 libertas
459 3148 654 3230 resectione

181 3235 335 3301 Quarto:
350 3222 584 3312 semipelagiani
607 3243 799 3307 admittebant
819 3245 1041 3312 praevenientis
1060 3259 1112 3316 gra·

120 3311 177 3364 tise
197 3313 343 3372 interioris
363 3322 574 3408 necessitatem
585 3321 624 3380 ad
642 3323 776 3400 singulos
790 3332 885 3390 octus,
908 3326 999 3380 etism
1015 3325 1074 3380 ed
1065 3323 1111 3378 mi·

119 3388 191 3441 tium
219 3379 315 3458 Fidei,
346 3401 374 3449 et
394 3395 425 3448 iu
434 3393 502 3454 hoc
524 3409 606 3454 erent
627 3401 788 3469 Haeretici,
817 3399 896 3472 quod
925 3403 1040 3459 vellent
1060 3417 1111 3456 eam

121 3467 240 3532 gretiam
269 3467 378 3524 telem·
375 3487 462 3541 esse,
493 3480 542 3534 cni
562 3484 660 3548 posset
680 3481 808 3538 hument
829 3481 968 3538 voluntas
989 3485 1111 3538 resistere

9 3575 12 3582 .
118 3539 166 3593 vel
188 3543 418 3612 obtemperare
