2316 3892
113 137 180 206 de'
378 157 392 172 ·
465 153 503 198 ur
522 145 749 200 rueretrueret:

115 274 142 333 S.
166 277 242 330 Petri
264 275 292 330 d,
315 271 464 330 'Christus
485 275 627 330 Dominus
655 275 762 330 dieitur
785 272 926 345 profectus
954 279 984 328 in
1014 277 1121 330 coelum

112 357 237 426 subjectis
257 356 309 408 eibi
330 353 448 425 depolit.
491 355 536 410 lix
557 353 664 426 quibus
679 355 845 424 scripturae
866 355 966 409 verbis
989 363 1120 422 constet,

115 415 260 490 &hristum
271 435 448 504 Dominum,
471 435 574 490 sellem
592 433 689 506 quood
703 432 833 490 ordinem
850 441 877 488 et
890 436 1120 504 perfectionem,

115 515 236 586 Angelis
257 516 471 584 praeeminere,
493 523 520 568 et
541 516 583 568 sic
603 512 721 576 illorum
743 529 805 568 esse
826 521 922 584 ceput.

121 665 124 672 ,
174 611 259 679 Quod
286 625 356 668 vero
382 613 420 666 sit
448 613 535 668 etiem
564 611 682 667 illorum
711 619 799 682 ceput
829 609 925 686 quood
957 609 1122 678 indutum,

113 698 225 754 constet
245 707 281 746 ex
301 691 353 760 ils,
383 706 456 762 quoe
477 689 662 762 praecedenti
684 691 778 760 capite
800 689 945 756 diximus,
971 689 1030 742 ubi
1053 705 1125 760 pro·

112 769 263 836 bevimus,
292 770 420 841 Angelos
447 771 557 841 gretiee
582 786 615 825 ec
637 768 745 840 gloriae
767 769 843 823 done
864 786 899 823 ex
923 769 1038 823 Christi
1064 787 1124 824 me-

115 851 179 906 ritis
201 849 388 930 accepisse„
635 841 638 848 ²

176 953 205 1010 4.
247 955 408 1010 Dicendum
430 955 458 1010 d.
489 955 568 1026 quod
600 955 671 1010 licet
700 955 791 1011 solius
818 954 928 1010 Christi
957 957 1123 1024 proprium

115 1038 169 1101 sit,
192 1051 252 1090 esse
274 1043 361 1105 ceput
382 1036 471 1090 totius
486 1035 650 1101 Ecclesiae,
674 1041 814 1106 qnatenus
835 1041 879 1100 cst
897 1035 960 1090 lons
985 1042 1017 1088 et
1040 1037 1125 1106 origo

116 1116 272 1186 pretiorum
295 1115 442 1170 omniurn:
470 1115 525 1170 hoc
553 1123 647 1168 temen
670 1129 727 1172 non
749 1113 844 1172 obstet
863 1109 909 1181 (ut
931 1121 1013 1168 necte
1038 1114 1125 1170 docet

115 1195 145 1250 8.
170 1193 295 1250 Thomas
319 1201 371 1247 ert.
388 1194 447 1260 6.),
481 1195 642 1264 quonimus
665 1195 724 1251 elio
751 1193 809 1248 sint
836 1193 894 1262 ipsi
922 1191 1126 1250 subordinate

117 1273 266 1328 Ecclesiae
293 1273 397 1342 coptu.
441 1273 541 1344 Itoqne
569 1275 722 1344 queniam,
753 1271 807 1327 sub
829 1271 1126 1330 ChristoBomenue

117 1353 360 1408 Pontifextutem
383 1353 544 1408 visibiliter
559 1352 701 1424 gubernet
721 1352 897 1417 Ecclesium,
919 1352 949 1404 in
973 1351 1127 1423 illamque

115 1423 224 1486 induit'
242 1431 392 1500 docendo,
421 1432 644 1504 praecipiendo,
676 1431 853 1502 poscendo,
874 1431 951 1502 leges
985 1432 1126 1499 ferendo,

116 1513 198 1566 uerte
226 1509 381 1582 potiorum
410 1511 487 1566 dono
515 1511 704 1570 conferendo:
737 1509 804 1566 ideo
835 1525 902 1564 vere
933 1525 968 1564 ec
998 1514 1126 1582 proprie

115 1598 206 1660 ceput
227 1591 345 1648 visibile
366 1592 454 1648 totius
471 1591 618 1646 Ecclesiae
642 1591 764 1646 cilcitore
785 1591 850 1647 imo,
865 1601 893 1644 et
913 1591 1126 1662 unusquisque

115 1669 277 1740 Episcopus
299 1673 329 1724 in
350 1670 482 1725 Ecclesia
503 1685 554 1724 sue
575 1669 721 1740 quendem
751 1669 858 1726 hebere
878 1669 991 1739 cepitis
1022 1671 1126 1742 digni-

21 1800 24 1808 .
114 1757 200 1806 tutem
223 1764 289 1803 vere
311 1749 370 1802 dici
391 1756 495 1818 potest.
542 1788 543 1792 1
803 1785 826 1794 .,
896 1781 899 1786 .

174 1841 273 1914 Neque
301 1843 333 1898 id
365 1845 522 1900 absurdum
554 1846 650 1900 videri
682 1845 783 1912 debet,
816 1845 893 1916 quod
926 1847 956 1898 in
994 1849 1124 1917 mystico

114 1922 264 2000 Ecclesiae
281 1934 411 1994 corpote
438 1927 524 1994 pluro
552 1927 610 1980 sint
638 1926 734 1994 cepite
761 1925 815 1978 sub
844 1937 901 1978 uno
922 1925 1075 1994 ptimerio
1099 1935 1126 1981 et

114 2001 271 2076 praecipuo
287 2006 404 2074 capite,
427 2005 506 2059 sicut
523 2021 574 2060 nec
595 2003 753 2058 absurdum
775 2011 833 2068 est,
855 2004 909 2058 snb
928 2019 990 2060 uuo
1005 2021 1123 2060 summo

24 2143 25 2149 ,
115 2077 233 2138 Pastore
264 2083 376 2138 Christo
404 2085 503 2156 plures
532 2099 593 2139 esse
622 2093 650 2140 et
677 2083 738 2138 dici
765 2085 795 2138 in
824 2083 957 2141 Ecclesia
982 2083 1125 2140 Pastores

115 2159 212 2232 (epist.
234 2159 262 2216 1.
285 2163 314 2216 S.
338 2163 412 2218 Pctr.
439 2165 579 2233 θαμὰ),
608 2171 636 2217 et
663 2171 776 2234 praeter
805 2163 1031 2218 fundumentum
1063 2167 1125 2234 pri-

115 2242 239 2298 matium
258 2251 288 2296 ‘et
308 2243 497 2314 praecipuum
519 2243 611 2314 (qood
633 2251 676 2296 est
697 2236 842 2312 Christus)
863 2243 923 2298 elie
943 2243 1035 2297 etiem
1050 2259 1126 2300 esse

115 2328 144 2374 et
168 2321 228 2375 dici
258 2321 386 2394 ejusdem
407 2324 555 2378 Ecclesiae
584 2321 771 2377 fundamento
799 2320 906 2391 (Apso.
927 2319 1014 2390 et),
1046 2325 1126 2378 sicut

116 2399 146 2454 iu
170 2401 302 2471 quolibet
322 2417 410 2474 regno
421 2407 655 2474 praeter-regent,
679 2404 729 2472 qui
742 2404 789 2468 (ul
803 2401 910 2455 dicitur
928 2400 953 2454 1.
967 2398 1044 2472 Reg.
1062 2401 1126 2474 15.)

114 2481 203 2534 tetius
225 2483 305 2553 regni
327 2491 413 2552 ceput
435 2490 494 2548 est,
524 2489 591 2538 sunt
618 2483 705 2535 etiem
728 2481 786 2534 elii·
802 2476 888 2534 duces
909 2487 939 2533 et
956 2481 1125 2550 'optimates

114 2558 151 2612 eb
173 2575 207 2613 eo
229 2559 442 2630 dependentes,
473 2563 523 2632 qui
552 2562 637 2615 etiem
667 2559 803 2615 dicuntur
831 2561 923 2630 capito
939 2563 1125 2630 populorum.

115 2640 203 2692 limos
225 2639 253 2693 t.
349 2651 352 2658 '
414 2671 416 2676 ·
571 2643 602 2676 ‘³
830 2655 846 2670 ¹·

445 2793 675 2861 sucuro
719 2795 782 2897 rr,
846 2817 847 2824 Ν

374 2925 387 2954 *
416 2919 467 2994 De
497 2919 691 2980 sacerdotio
724 2920 881 2982 Christi..
935 2979 938 2986 ,

175 3051 200 3108 1.
245 3049 404 3108 sacerdotii
434 3055 550 3107 nornine
581 3044 757 3124 intelligitur
787 3067 890 3106 munus
924 3053 1021 3128 illud,
1065 3071 1124 3124 quo

115 3133 180 3204 'quis
208 3127 409 3196 constituitur,
441 3140 486 3186 ut'
502 3145 544 3186 res
573 3139 669 3187 stores
698 3139 726 3186 et
754 3131 868 3186 divinas
897 3141 1042 3202 tanquam
1068 3133 1123 3188 Dei

113 3213 259 3276 minister,
291 3209 458 3286 hominibus
489 3213 696 3278 communicet,
731 3219 759 3266 et
786 3211 915 3266 vicissim
945 3213 1036 3266 etiem
1068 3229 1123 3283 pro

110 3289 280 3344 horninibus
302 3285 404 3345 offeret
422 3291 482 3346 Deo
505 3291 597 3358 done,
619 3299 768 3361 preces'et
789 3291 950 3356 sacrifici-e,
977 3298 1012 3346 ut
1032 3293 1125 3347 colli-

112 3370 190 3438 gitur
211 3383 247 3423 ex
270 3369 361 3424 ⁴variis
377 3371 558 3440 ‚scripturae
576 3369 668 3438 locis,
699 3365 736 3425 ec'
758 3371 927 3440 praesertim
949 3369 1123 3426 Malachiae

113 3449 176 3516 c'ep.
193 3447 220 3500 Β.
242 3453 270 3502 et
290 3447 382 3518 Epist.
406 3447 444 3502 ed
465 3449 610 3506 llebreeos
639 3465 702 3524 cop.
724 3453 751 3505 5.
782 3457 809 3503 ct
836 3450 952 3521 plenius
983 3452 1122 3518 explicet

113 3525 147 3578 D.
172 3523 298 3583 'l'homus
318 3543 348 3597 p.
362 3523 390 3583 δ’.
415 3543 462 3598 qn.
477 3525 525 3583 22.
548 3536 600 3582 ert.
619 3527 646 3582 l.
