2324 3886
147 137 208 204 122
583 152 701 198 narro.

146 276 239 350 gratia
260 289 318 330 non
339 290 424 346 pesae
445 273 571 330 salutem
589 282 734 332 aeternam
756 277 896 346 consequi
915 275 962 340 (in
983 293 1044 346 quo
1063 277 1145 330 aPe-

144 355 270 430 lagianir
285 354 481 423 dissidebant)
503 355 710 410 existimabant
727 362 838 426 tamen,
860 355 953 410 Deum
966 355 1045 410 hano
1060 357 1147 411 nobie

146 435 276 492 conferre
298 435 419 506 gratiam
442 435 479 490 ab
500 435 615 491 aeterno
631 433 806 502 decrevisse,
827 437 935 490 iutuitu
950 443 978 490 et
991 437 1143 490 occasione

145 511 270 586 alicujus
298 513 370 568 boni
398 515 510 584 operia,
541 513 589 567 vel
617 515 719 570 saltem
747 513 872 586 alicujus
897 513 969 570 boni
990 515 1141 581 desiderii,

144 609 195 650 eeu
215 601 334 650 conatur
362 601 477 648 nostrae
504 593 679 660 voluntatis,
706 609 761 664 per
787 602 907 650 naturae
934 595 1009 649 vires
1039 595 1141 652 eliciti.

144 669 230 730 Unde
253 675 405 730 Careianur
426 673 515 744 huJur
535 673 695 728 sentcntiae
714 677 890 744 praecipuus
904 681 1029 729 macrior
1047 674 1101 727 lib.
1116 673 1140 727 t.

144 753 179 810 de
200 754 341 808 institutis
362 753 612 819 renunciandum,
634 767 697 824 cap.
715 751 760 807 14.
783 753 914 808 dicebat:
956 755 1012 808 Der¹
1032 755 1141 806 ariani·

144 835 264 888 cordium
285 841 398 903 precato
426 849 498 896 aare,
529 834 667 886 occuaione
688 835 868 886 tcnmmmodo
890 834 974 888 bonoe
994 835 1141 888 voluntaria

145 927 164 970 o
182 914 259 967 nobie
280 913 378 966 obluta.
413 911 621 968 occultatione
638 909 683 968 id.
707 927 769 982 cap.
787 911 833 967 13.
858 913 898 966 Ob
912 914 941 966 id
953 914 1040 966 achran
1053 913 1141 966 Deice

144 995 252 1064 ccipere
272 993 316 1045 ael
335 1001 489 1062 expectare,
520 994 557 1061 ad
577 1009 654 1046 accan
672 993 791 1061 proriam
805 993 986 1056 mouendam,
1011 991 1158 1064 quosdam*

144 1073 230 1128 donae
250 1072 394 1129 autumatis
416 1079 540 1135 mator,
569 1073 729 1141 reponitur
750 1073 957 1140 definientibus,
984 1083 1034 1126 cut
1061 1074 1143 1126 inerti

144 1154 199 1206 ota'o
220 1152 356 1205 duniaci
376 1165 427 1204 acu
447 1153 572 1206 videatur
592 1153 664 1204 dono
684 1153 816 1222 conferre.

167 1255 170 1262 ’
205 1259 232 1312 5.
267 1253 452 1310 Rcieliuntur
472 1257 504 1312 hi
526 1271 651 1324 errores,
674 1265 702 1315 et
722 1257 810 1310 simul
831 1266 944 1312 nostrae
965 1252 1048 1311 Fidei
1071 1259 1142 1310 veri-

143 1345 185 1392 tas
199 1335 341 1405 probatur
357 1335 381 1390 i.
404 1337 578 1390 authoritate
593 1337 774 1406 scripturae:
797 1337 825 1391 2.
838 1335 876 1390 ad
891 1337 1018 1392 Timoth.
1041 1352 1108 1406 cap.
1119 1335 1141 1390 i.

149 1412 259 1470 Voccoit
286 1433 334 1468 coe
359 1415 497 1470 oocoiionc
518 1425 699 1478 sacrameto,
728 1433 781 1470 non
801 1417 945 1470 secundm
966 1433 1067 1486 opero,
1099 1417 1145 1469 ced

144 1497 288 1550 secundum
303 1497 473 1567 propositum
493 1512 577 1548 auom.
624 1496 647 1548 1.
663 1495 791 1551 Corinth.
807 1495 835 1548 4.
859 1496 924 1558 Quia
946 1503 971 1548 te
991 1497 1145 1548 discernit!

144 1575 211 1646 quid
237 1575 333 1638 haber,
365 1577 436 1646 quod
461 1593 514 1628 non
534 1575 683 1645 occepisti!
722 1573 749 1630 2.
765 1573 803 1630 ed
824 1573 889 1630 Cor.
904 1575 932 1630 3.
966 1575 1031 1629 Non
1051 1592 1144 1629 sumar

142 1654 305 1726 sufficientes
326 1657 445 1723 copitare
466 1655 571 1725 aliquid
592 1673 624 1710 ec
643 1655 734 1718 nobie,
757 1663 885 1726 tanquam
913 1672 944 1708 eu
971 1655 1066 1719 nobb,
1099 1655 1145 1708 aed

143 1734 307 1806 'sufficientia
327 1744 420 1787 nostra
441 1751 473 1788 ec
493 1734 552 1789 Deo
573 1743 622 1787 cat.

138 1870 142 1878 x
204 1838 347 1892 Probatur
361 1837 388 1892 2.
410 1839 584 1894 authoritate
599 1837 725 1894 concilii
740 1839 913 1894 transierat
927 1837 963 1891 ΙΙ.
985 1852 1105 1893 canone
1119 1838 1144 1892 2.

143 1920 173 1974 in
204 1934 261 1988 quo
289 1918 441 1974 anathema
468 1919 613 1988 profertur
640 1921 671 1972 in
700 1933 765 1988 eor,
798 1920 849 1988 qui
877 1917 1022 1984 dixerint,
1055 1917 1148 1972 Dema

144 2007 285 2067 expectare
306 2007 425 2052 noctram
445 1999 619 2062 voluntatem,
644 2013 698 2069 quo
718 1999 828 2052 colimur
848 2006 993 2068 aperuero
1003 2001 1146 2066 purperei·

143 2095 196 2132 oon
223 2087 311 2138 autern
334 2095 388 2147 per
414 2077 533 2148 Spiritus
560 2080 648 2132 aonctr'
674 2079 879 2147 inspirationem
896 2078 978 2146 ficri,
1010 2085 1039 2130 ut
1063 2081 1146 2132 etium

137 2159 258 2232 pucpcri
277 2159 396 2210 uelimua.
438 2157 475 2212 lit
497 2173 558 2212 can.
574 2156 622 2210 251.
648 2157 708 2210 Hoc
728 2159 809 2210 etiem
823 2157 996 2226 profitemur,
1020 2159 1100 2226 quod
1122 2160 1146 2210 in

73 2259 74 2262 ¹
143 2239 214 2290 omni
241 2255 320 2307 opere
347 2238 415 2290 hoco
444 2255 492 2290 ooo
513 2237 669 2306 incipimus,
699 2245 727 2290 et
739 2247 838 2306 posteo
853 2255 908 2306 per
927 2237 1146 2292 maceraretur

141 2317 196 2372 Dei
217 2317 392 2386 edocemur:
418 2319 466 2370 red
487 2319 550 2386 ipae¹
565 2317 654 2381 nobie,
684 2317 764 2369 nullia
780 2315 1006 2386 praecedentibus
1026 2320 1143 2380 meritis,

140 2396 281 2451 Fidemet
302 2413 418 2450 animem
442 2399 486 2449 roi
506 2397 631 2466 inspirat.
672 2396 718 2448 Ex
739 2395 846 2465 quibus
868 2393 995 2450 Concilii
1017 2405 1046 2448 et
1070 2397 1147 2451 Scri·

140 2483 243 2547 pturae
264 2475 360 2530 verbis
383 2491 447 2543 oum
470 2484 594 2542 constet,
620 2491 671 2530 noa
693 2476 818 2544 primam
839 2476 960 2546 gratiam
980 2477 1147 2543 promereri

141 2570 200 2610 nou
222 2569 324 2624 pocae,
353 2562 465 2611 constat
489 2555 574 2608 etiam
598 2554 909 2623 praedestinationem,
940 2562 1030 2622 prout
1060 2557 1146 2610 illam

139 2635 265 2706 primam
287 2636 407 2704 gratiam
430 2634 646 2704 complectitur,
676 2649 712 2688 ex
738 2636 843 2690 nustria
864 2635 973 2688 matitia
997 2649 1145 2706 nusquam

142 2715 305 2786 provenire.
340 2760 343 2767 t

202 2819 393 2874 confirmatur
417 2817 441 2871 i.
472 2818 508 2874 ab
538 2819 670 2886 exemplo
698 2817 972 2887 praedestinationis
1003 2822 1146 2887 parvule·

141 2910 221 2966 ram,
251 2900 302 2969 qui
330 2896 367 2952 ab
395 2897 450 2970 hac
477 2899 540 2953 rite
567 2899 662 2952 atatim
685 2903 750 2967 poet
771 2904 933 2966 susceptum
957 2897 1147 2967 baptismum

140 2977 310 3046 rapiuntu13
339 2977 415 3031 sicut
441 2977 518 3032 enirn
543 2977 626 3032 nulla
646 2989 682 3032 ex
702 2983 784 3046 parte
805 2975 923 3030 illorum
945 2975 1033 3030 datur
1057 2995 1146 3035 cauea

140 3057 223 3112 illiue
244 3055 533 3126 praedestinationis,
563 3059 633 3128 quia
653 3057 736 3110 nulia
758 3054 863 3109 dantur
882 3043 1004 3123 merita,
1033 3059 1147 3128 quibua

141 3149 171 3192 se
192 3135 346 3206 disponere
367 3139 516 3205 potuerint
536 3137 575 3190 ad
590 3135 814 3205 percipiendam
836 3135 978 3203 Baptismi
1008 3141 1144 3206 gratiam,

141 3228 215 3286 quac
237 3230 274 3270 cx
295 3216 358 3268 sola
379 3217 503 3286 gratuita
524 3211 802 3270 Dei'misericordia
822 3215 895 3284 ipsiu
912 3216 1081 3272 confertur:
1106 3221 1145 3272 sic

143 3297 230 3348 etiam
252 3294 288 3348 de
310 3295 434 3351 aliorum
456 3296 622 3350 adultorum*
636 3295 901 3364 praedestinatione
915 3293 1080 3352 dicendum
1096 3306 1144 3363 eat,

142 3375 255 3427 nuliam
285 3373 348 3428 dari
376 3374 457 3426 illius
486 3389 601 3428 causam
623 3389 658 3428 ex
679 3381 759 3443 parte
779 3375 928 3444 ipsorum,
958 3377 1031 3444 quia
1060 3377 1146 3432 nulla

144 3449 249 3508 dantur
277 3453 393 3516 merita,
423 3452 529 3520 quibua
558 3467 587 3506 ae
613 3453 766 3522 disponere
787 3453 934 3522 potuerint
956 3453 994 3508 ad
1015 3455 1146 3524 primaru

140 3532 264 3602 gratiam
286 3527 487 3600 accipiendam
506 3527 555 3601 (ut
574 3531 668 3586 furius
689 3533 767 3588 iutra
787 3547 839 3586 ruo
860 3532 924 3587 loco
938 3531 1144 3609 probabitur).
