2316 3892
398 118 435 164 nn
456 117 682 174 mesenensem.
972 99 1036 188 ild

24 239 176 304 mitibus3
204 251 262 308 que
290 237 505 314 compunctione
533 239 674 302 indorum
702 255 786 316 suurn
816 241 846 294 iu
874 191 944 304 illos
963 241 1034 302 sutis
1101 269 1104 285 ι

26 317 178 380 declaret.

90 395 125 458 2.
170 395 333 470 Dicendum
354 395 382 452 2.
405 397 549 464 Christum
571 395 743 470 Dominum,
772 403 913 470 quotenus
942 385 1035 454 homi-

27 493 120 544 nem,
150 491 214 530 esse
241 484 328 548 ceput
355 477 484 546 omnium
504 492 623 548 prorsus
637 477 803 554 hominum.
844 476 935 544 ltuS.
959 478 1036 533 Tho

29 572 94 610 mus
120 561 177 610 art.
192 555 220 610 3.

93 633 224 691 Prohori
252 641 348 704 potest
376 637 589 690 enumeratione
610 635 685 689 lectu
705 649 758 705 per
779 633 908 688 diversos
930 605 1037 704 grcdus

28 717 210 782 hominurn,
231 711 338 784 quibus
359 713 493 772 omnibus
515 721 624 774 certum
645 722 702 782 cst,
727 699 812 768 illum
834 721 876 768 et
883 711 985 768 ordine
1006 721 1035 780 et

29 793 218 864 perfectione
238 793 428 860 antecellere,
458 802 486 848 et
505 795 537 848 in
559 810 607 849 eos
628 809 725 850 omnes
745 793 886 848 iufluxnm
908 791 1036 864 aliquem

28 873 155 928 habere.
201 871 239 926 llt
265 874 360 944 primo
387 868 505 944 quidem
534 873 570 927 de
596 873 690 928 beatis
722 879 848 940 constet,
881 868 946 928 cum
977 871 1036 926 sint

30 951 170 1008 membra
190 951 340 1008 Ecclesiae
366 953 572 1022 triumphantis
599 953 657 1022 ipsi
686 954 798 1008 Christo
823 951 1035 1023 perfectissime

29 1035 127 1087 unita:
174 1031 217 1085 De
233 1029 322 1102 Juniis
340 1033 421 1098 item,
443 1040 503 1086 tum
523 1034 555 1086 in
575 1034 752 1103 purgatorio,
774 1040 836 1086 tum
854 1033 886 1086 in
906 1031 961 1084 huc
975 1031 1036 1084 vitu

30 1109 248 1177 existentibus,
275 1127 338 1165 cum
361 1111 398 1164 eb
419 1113 484 1181 ipso
505 1111 645 1166 intiuxum
667 1112 774 1184 grctice
796 1120 822 1166 et
843 1109 1036 1166 coritrtis‘re·

30 1193 161 1262 cipiunt.
205 1188 247 1244 De
269 1189 405 1245 fidelihus
425 1191 529 1258 etiem,
558 1192 608 1262 qui
630 1192 661 1244 in
682 1199 800 1262 peccato
819 1190 940 1246 mortali-
958 1197 1034 1256 sunt,

30 1287 100 1324 cnm
128 1269 228 1324 adhuc
253 1284 308 1339 per
328 1269 446 1334 Fidem,
472 1270 649 1325 licetrelut
674 1270 805 1324 membre
830 1276 958 1335 mortue,
987 1268 1037 1324 illi

30 1349 272 1422 conjungentur,
301 1356 387 1420 etque
414 1349 487 1404 odeo
513 1351 577 1420 ipse
601 1351 632 1404 in
655 1363 703 1404 eos
722 1349 824 1406 Fidem
844 1347 944 1414 illum,
973 1349 1035 1402 sive

30 1429 237 1495 habitualem,
259 1429 321 1482 sive
341 1429 500 1495 ectnclem,
522 1435 550 1483 ct
571 1429 644 1486 clius
665 1443 763 1484 omnes
776 1430 885 1501 gratius
898 1427 1037 1497 ectncloe,

32 1509 148 1579 quibus
169 1506 208 1561 cd
228 1509 435 1576 poenitentium
456 1511 635 1576 excitentur,
657 1509 779 1568 iniluot.¹
810 1507 1036 1564 Deintidelihus

32 1601 156 1659 qnoque
177 1586 256 1642 idern
277 1583 338 1642 dici
359 1587 458 1655 dehet,
480 1602 547 1642 cum
568 1585 615 1658 (ut
635 1602 723 1660 supro
735 1584 962 1659 probetumest)
981 1603 1037 1656 pro

30 1667 96 1722 illis
120 1665 210 1722 etism
224 1665 356 1736 Christus
372 1668 514 1722 Dominus
533 1675 661 1726 mortuus
673 1670 730 1736 sit,
752 1673 781 1722 et
797 1683 833 1722 ex
847 1667 1036 1737 consequenti

34 1746 80 1818 (ut
102 1745 299 1816 supponimus
320 1761 356 1802 ex
377 1753 498 1802 tractatu
522 1746 557 1802 de
586 1749 693 1818 gretie)
722 1749 886 1803 illisolent
913 1755 941 1802 et
967 1747 1037 1802 eliis

34 1825 243 1898 omninum-et
263 1827 351 1884 etiem
371 1827 520 1896 perculis,
542 1827 604 1880 sine
621 1827 762 1896 Baptismi
784 1828 968 1897 susceptione
989 1827 1037 1882 de·

35 1903 226 1970 cedentibus,
250 1906 358 1978 gratier
379 1905 560 1960 adsalutem
581 1907 756 1961 sufficientes
778 1907 976 1975 promeruerit
1011 1937 1014 1941 -

95 1984 193 2040 Porro
213 1985 284 2040 licet
303 1985 358 2044 hoc
380 2000 463 2040 seusu
481 1983 614 2043 infideles
629 1985 762 2040 dicentur
775 1985 903 2043 membre
918 1985 1035 2056 Christi,

34 2081 92 2122 non
117 2073 217 2118 temen
237 2071 390 2134 propterea
411 2063 472 2120 dici
492 2071 615 2134 possunt
641 2063 769 2120 membra
789 2063 946 2121 Ecclesiae.
988 2063 1037 2126 Ad

34 2145 90 2200 hoc
116 2144 196 2198 enim
215 2141 418 2210 consuiticit,
440 2151 472 2198 ut
493 2145 558 2213 quis
579 2160 596 2198 ι
615 2143 727 2200 Christo
748 2143 873 2200 Domino
894 2143 1036 2200 iniluxum

34 2226 169 2294 aliquem
190 2224 328 2292 recipiet,
350 2231 403 2280 unt,
420 2223 548 2292 recipcre
568 2224 685 2294 possit,¹
699 2223 751 2278 sed
770 2230 919 2292 praetereo
938 2237 1037 2278 neces·

35 2305 133 2358 serius
155 2309 199 2362 est
219 2303 327 2373 uliquis
342 2303 431 2361 ¹nlius
447 2301 555 2372 gratiae
576 2303 706 2358 effectus:
728 2317 831 2372 nempe
845 2307 878 2373 ut
897 2302 948 2356 flet
967 2301 1036 2358 ider
1082 2347 1090 2358 .

35 2384 92 2452 lis,
117 2391 147 2439 et
169 2383 269 2439 saltem
290 2383 321 2438 in
342 2389 409 2438 voto
429 2382 572 2452 Baptismi
593 2389 803 2438 recrementum
821 2381 951 2450 recipiet.

96 2461 146 2516 Ex
174 2459 263 2516 dictis
291 2468 388 2518 sutem
412 2461 540 2534 intelligi
568 2468 678 2532 potest,
709 2461 854 2523 Christum
879 2461 1036 2522 Dominum

33 2542 123 2596 nullo
144 2540 232 2596 modo
253 2556 314 2597 esse
335 2548 385 2596 ιιιιι
413 2541 471 2604 dici
500 2557 587 2611 posse
612 2549 698 2611 ceput
725 2541 940 2606 namnetorum,
970 2555 1035 2596 cum

34 2637 70 2674 ex
101 2621 168 2691 lege
195 2619 251 2674 Dei
279 2619 427 2674 ordinaris
454 2635 511 2674 non
540 2622 599 2677 sint
625 2621 753 2690 emplius
778 2621 810 2676 in
838 2621 967 2690 potentis
997 2618 1036 2680 ild

33 2700 130 2754 ullam
154 2713 218 2753 oum
234 2699 347 2760 Christo
368 2699 522 2766 unionem,
544 2708 594 2754 aut
611 2700 755 2756 edulium
770 2700 879 2771 gratioe
893 2699 1036 2752 inflexum

35 2780 70 2836 ab
95 2779 164 2850 ipso
185 2779 400 2848 recipiendum,
429 2779 480 2849 qui
500 2779 623 2848 proinde
644 2795 738 2852 neque
759 2786 841 2849 sunt,
861 2790 954 2849 neque
976 2777 1036 2832 dici

35 2859 148 2914 debent
168 2857 296 2920 membre
317 2857 434 2912 Christi.
529 2905 532 2910 ,

96 2937 126 2992 3.
169 2935 381 2993 Dicendum'd.
416 2935 560 2991 Christum
588 2931 743 2993 Dominum
777 2938 863 2994 etism
895 2943 1036 3008 quotenus

34 3017 187 3082 hominem
209 3032 271 3073 esse
292 3023 378 3090 ceput
398 3015 587 3088 Angelorum.
629 3017 673 3081 Ιιι
694 3018 722 3075 S
745 3017 870 3084 Thomas
891 3025 943 3072 ert
959 3016 987 3072 t.

99 3097 221 3172 Constet
248 3111 284 3150 ex
306 3096 465 3188 Scriptum.
506 3097 614 3156 Coloss.
637 3095 664 3152 2.
694 3097 824 3155 Christus
851 3103 971 3154 vocatur
998 3094 1035 3150 uh

35 3160 189 3246 Apostolo
203 3185 283 3246 capot
304 3178 389 3246 omnio
403 3175 577 3245 Principalem
592 3185 625 3230 et
638 3177 792 3230 Potestotr‘s
834 3177 872 3235 Et
884 3175 989 3246 Ephes
1008 3173 1034 3230 1.

36 3255 115 3312 idem
144 3253 304 3324 Apostolus
337 3241 423 3321 dicit,
445 3255 604 3314 Christum
630 3253 786 3310 Dominum
817 3271 834 3314 ι
861 3257 923 3324 Deo
951 3255 1036 3313 Patre

37 3335 209 3402 emoriturum
229 3352 286 3392 erre
308 3335 344 3390 ud
366 3336 502 3390 deuterum
517 3352 594 3398 sunm
608 3336 636 3388 ιἰι
650 3335 720 3390 coele
721 3335 813 3400 stibus,
836 3353 921 3408 cupro
935 3351 1036 3396 omnem

37 3414 226 3486 Principalem
247 3423 273 3472 et
291 3407 478 3482 Poenicum,
491 3424 517 3468 et
540 3413 682 3480 Virtutem,
709 3423 735 3473 et
755 3415 986 3488 Dcmioctlooem,
1010 3403 1035 3468 et

37 3495 124 3564 ιιιιιιιιι
147 3494 254 3552 dedisse
283 3503 363 3564 copul
390 3509 477 3564 supro
503 3511 604 3572 otonem
629 3493 790 3550 Ecclesiam
838 3491 885 3551 Et.
900 3493 983 3564 epist.
1008 3493 1033 3549 1.
