2324 3886
86 179 89 188 .
138 145 201 217 idi
521 161 561 206 aa
575 160 744 208 naturane.

144 283 183 340 ad
210 281 332 350 Filium,
359 289 387 336 et
409 288 527 338 vocatur
546 281 722 351 paternitas3
745 281 881 348 alteram,
903 293 976 352 quae
997 287 1037 333 est
1055 279 1112 332 Filii

143 361 180 417 ad
202 362 330 428 Patrem,
352 370 380 415 et
403 369 518 416 voeatnr
539 359 658 428 liliatio;
680 361 809 426 tertiam,
833 374 906 430 quae
927 365 969 414 est
989 357 1076 414 Patris
1093 365 1113 411 et

143 441 215 498 Filii
236 451 371 512 tanquam
393 442 478 496 unius
499 439 640 511 ptinripii
661 438 700 497 nel
716 439 857 510 Spiritum
878 445 1022 504 sanetum,
1042 446 1112 492 etve-

144 529 225 578 eatur
245 521 366 592 spiratio
388 521 498 588 activa3
527 527 658 592 quartam
684 518 824 594 denique,
853 533 925 590 quae
947 527 990 572 est
1010 519 1113 590 Spiritus

144 601 236 656 saneti
258 599 296 656 ed
315 599 428 655 Patrem
450 595 622 665 etlilium,
645 605 672 652 et
693 605 811 655 vocatur
831 597 951 668 spiratio
972 597 1086 668 passiva

204 679 231 736 3.
268 677 428 736 Dicendum
443 677 470 732 3.
491 679 647 734 relationes
668 679 699 732 iu
722 677 831 734 divinis
854 675 995 749 distingui
1014 677 1113 731 interae

145 759 269 819 realiter.
311 757 660 818 transrhenenses.

206 839 348 895 Probatur
364 837 388 892 t.
411 853 448 894 ex
470 838 602 894 Concilio
617 827 758 896 'l'olefano
771 837 822 892 XI.
843 838 874 894 in
897 835 1115 894 mntessieneli·

146 919 210 988 dei,
232 919 285 974 nbi
307 917 431 985 dieitur,
455 919 487 974 in
508 917 647 977 relatione
668 918 748 972 eerni
770 929 919 974 nnmerum
939 931 1115 989 personarum,

145 1000 201 1057 lton
222 1006 280 1068 est,
300 996 367 1052 ideo
388 1003 445 1052 tres
466 1011 603 1068 personas
626 997 656 1051 in
678 996 788 1052 divinis
808 997 926 1052 realiter
947 998 1023 1053 inter
1042 1011 1068 1050 se
1085 993 1117 1050 di·

146 1077 270 1150 stingui,
293 1078 363 1146 qnia
383 1077 458 1132 iuter
478 1077 558 1146 ipsas
578 1075 733 1134 relationes
748 1077 864 1148 aliquae
879 1076 971 1132 reales
985 1077 1118 1131 inveniun-

147 1165 210 1225 tur3
233 1153 309 1212 unde
329 1155 451 1212 infertur
471 1156 575 1222 etiam,
600 1156 754 1210 relationes
774 1156 853 1226 ipsas
875 1157 993 1212 realiter
1013 1157 1081 1210 inter
1097 1165 1117 1206 se

148 1235 305 1308 distingui,
332 1252 398 1290 oum
422 1233 568 1306 quidquid
589 1235 705 1292 realiter
725 1236 880 1306 distinguit
900 1251 991 1290 uuum
1012 1235 1047 1290 ab
1067 1235 1117 1298 alio,

148 1317 333 1374 deutereses
356 1313 471 1372 realiter
493 1314 661 1370 distinctum
686 1331 703 1368 a
724 1315 796 1370 reali
815 1315 986 1370 distinctiva
1008 1315 1089 1370 illins.

208 1393 351 1452 Probatur
365 1393 392 1448 2.
415 1409 521 1460 exeo,
547 1393 626 1464 qnod
647 1393 719 1450 dieit
739 1395 877 1452 Boethius
899 1394 951 1450 lib.
975 1393 1012 1449 de
1034 1391 1117 1447 Trinit

149 1475 229 1546 qnod
249 1473 411 1530 substantia
430 1473 462 1526 iu
483 1473 592 1528 (tinnis
613 1475 743 1529 eontinet
764 1475 918 1541 unitatem,
948 1475 1050 1528 relatio
1070 1483 1118 1526 vero

147 1553 325 1624 multiplicat
346 1553 534 1620 Trinitatem
562 1551 639 1608 unde
664 1555 810 1624 sequitur,
840 1553 965 1624 quodsi
986 1553 1118 1610 relationes

147 1633 218 1688 illue
240 1648 296 1698 non
319 1632 563 1704 distinguerentur
583 1633 621 1688 ab
642 1633 767 1689 invicem
790 1634 918 1700 realiter,
940 1649 1001 1687 nen
1022 1631 1118 1686 essetir

149 1713 259 1768 divinis
281 1707 409 1768 Trinitas
428 1712 533 1780 realis,
555 1712 607 1766 sed
630 1713 748 1767 rationis
768 1720 894 1779 mutum,
916 1729 966 1768 seu
985 1729 1037 1784 per
1050 1711 1120 1765 solan

148 1792 252 1850 mentis
273 1793 485 1860 operationem,
508 1791 588 1862 quod
608 1791 804 1848 Sabelliauarn
824 1793 965 1847 haeresim
988 1791 1120 1850 redoleret

209 1869 352 1926 Probatur
372 1871 491 1942 insuper
512 1887 549 1933 ex
569 1885 617 1939 eo,
641 1871 720 1944 qnod
742 1871 815 1928 dicit
829 1873 856 1929 S.
872 1871 999 1936 'ihomas
1013 1873 1073 1926 loeo
1086 1869 1120 1923 eit.

111 1998 113 2004 .
148 1967 183 2010 ea
204 1950 422 2023 distinguuntur
441 1952 517 2008 inter
537 1967 567 2006 se
588 1951 721 2019 realiter,
751 1953 827 2008 inter
847 1965 920 2022 quae
941 1952 1031 2006 realis
1051 1962 1121 2020 oppo-

149 2031 217 2086 sitio
237 2029 395 2088 inrenitur.
435 2031 528 2102 Atqui
548 2032 630 2086 *inter
650 2031 805 2086 relationes
826 2030 942 2086 divinas
962 2032 1032 2086 talis
1053 2041 1121 2099 oppt

149 2111 216 2174 sitio
237 2111 400 2178 invenitur,
422 2125 486 2166 enm
508 2109 544 2164 de
564 2111 676 2164 ratione
697 2111 847 2166 relationis
869 2110 1029 2182 cujuslibet
1044 2110 1084 2175 sit,
1100 2111 1122 2158 nt

149 2191 226 2248 inter
247 2191 383 2247 terminos
405 2189 541 2246 relativos
562 2189 600 2244 sit
621 2190 766 2260 oppositio
780 2190 919 2257 relativa,
941 2190 1071 2262 alioquin
1083 2199 1121 2240 nee

150 2277 224 2324 esset
253 2270 372 2324 relatio:
402 2281 468 2340 ergo
496 2267 651 2324 relationes
673 2267 798 2326 divinae.
812 2271 888 2326 inter
910 2285 940 2326 se
962 2271 1075 2326 realiter
1091 2264 1122 2320 di·

149 2349 343 2420 stinguuntur.
431 2391 434 2401 .
912 2403 914 2410 Α
946 2377 948 2384 ·

210 2425 430 2484 Observandum
452 2437 495 2484 est
516 2435 627 2495 tamen,
656 2428 844 2498 spirationem
871 2430 1014 2496 aeneam,
1044 2439 1124 2498 qnan-

149 2508 195 2562 ria
216 2508 330 2564 realiter
351 2525 368 2562 a
388 2509 547 2577 spiratione
567 2509 688 2577 passiva
706 2505 915 2580 distinguatur,
945 2509 1029 2564 nullo
1055 2500 1123 2560 modo

151 2583 294 2657 distingui
314 2603 331 2642 a
351 2588 525 2656 paternitate
544 2594 593 2642 ant
613 2588 778 2650 filiatione:¹
799 2595 859 2642 tum
887 2589 955 2660 quia
982 2584 1124 2644 seeundum

150 2667 266 2724 axioma
293 2681 443 2722 commune
474 2665 688 2740 'l'heologorum
719 2668 751 2724 in
782 2665 891 2722 divinis
920 2667 1022 2723 emnia
1051 2675 1124 2720 anun

150 2753 234 2816 sunt,
259 2747 318 2805 uisi
338 2744 390 2800 ubi
411 2745 510 2804 obviat
531 2748 676 2818 oppositio
704 2747 841 2816 relativa,
871 2749 1045 2803 tumetium
1071 2741 1125 2813 quia

151 2821 197 2895 (ut
218 2825 368 2882 delinitum
389 2829 481 2880 estin
504 2827 615 2882 Coneil.
638 2827 769 2883 Lateran.
792 2843 855 2898 cap.
875 2827 1056 2889 Damnamas,
1083 2817 1124 2875 tub

149 2905 319 2962 Innocentio
333 2902 398 2976 111.)
420 2906 452 2963 in
474 2905 585 2962 divinis
606 2922 664 2968 non
686 2913 728 2962 est
742 2907 919 2977 quaternitas
933 2921 1045 2973 rerum3
1066 2903 1125 2957 esset

150 2991 265 3051 tutem,
284 2987 309 3038 si
329 2985 426 3040 activa
445 2987 567 3056 spiratio
587 3003 604 3040 a
624 2980 798 3058 paternitate
815 2993 845 3040 et
865 2985 1006 3043 filiatione
1025 2983 1124 3038 realiter

151 3062 384 3134 distingueretur.
419 3105 424 3128 ,.
454 3077 456 3084 ’

209 3140 237 3198 4.
280 3143 442 3202 Dicendum
462 3143 490 3198 t.
518 3146 673 3200 relationes
700 3139 816 3200 divinas
839 3161 896 3200 non
919 3143 1058 3214 distingui
1077 3151 1124 3192 rea·

150 3222 218 3276 liter
239 3220 420 3278 abessentia
441 3222 550 3282 divina.

211 3299 287 3359 Huie
314 3302 448 3371 veritati,
475 3318 549 3373 quae
570 3301 607 3358 de
626 3301 695 3358 Fide
717 3310 776 3370 est,
804 3303 953 3376 oppositus
981 3301 1036 3356 tuit
1061 3309 1125 3352 error

152 3377 279 3434 Gilberti
307 3379 472 3448 Perretani,
501 3385 553 3452 qni
580 3382 626 3454 (ut
646 3389 757 3438 constat
778 3399 814 3441 ex
835 3384 964 3440 Consilio
986 3372 1125 3436 erentenii

150 3457 205 3514 nub
234 3457 364 3528 Eugenio
379 3454 429 3512 111.
457 3467 485 3513 et
511 3462 538 3516 S.
555 3461 701 3519 Bernardn
727 3477 808 3517 serm.
824 3463 873 3518 80.
894 3465 926 3518 in
948 3460 1043 3530 Cant.)
1059 3469 1126 3510 asse·

151 3535 241 3605 nebat,
259 3536 411 3600 relationes
427 3536 542 3596 divinas
556 3541 594 3594 ab
609 3541 733 3604 essentia
747 3539 850 3613 diuina
862 3541 1002 3614 distingui
1013 3537 1126 3608 realiter,
