2304 3888
173 157 236 224 272
476 227 479 232 ,
530 171 819 218 narrosnesroorr.

235 299 262 352 5.
306 291 489 366 objicient.
520 293 652 350 Christus
679 308 737 348 non
764 293 905 358 manicon
931 302 963 348 ut
988 293 1069 359 Deus,
1096 291 1131 346 sed

176 377 270 430 aetum
295 375 440 446 qnatenus
467 374 571 440 tremor
600 373 682 444 atqui
708 381 742 426 ut
768 373 855 430 hemo
882 389 941 428 non
966 373 1016 427 tuit
1032 371 1131 428 inicitur

177 455 344 526 dignitatis:
373 467 440 524 ergo
468 469 527 508 non
553 453 649 522 potuit
676 453 709 505 in
730 453 857 508 annones
879 467 946 509 suas
966 453 1132 509 satisfactorias

177 535 304 589 valorem
324 531 472 588 infinitum
487 531 703 596 treemuudere.

237 627 447 700 Respondetur,
467 627 613 682 Christum
629 628 801 684 satisfecisse
813 627 847 681 'in
863 641 1001 700 quantum
1013 627 1062 681 tuit
1074 625 1132 678 homo

179 711 271 778 Deus,
300 707 333 762 id
361 715 404 762 est
430 709 459 762 in
491 715 627 778 quantum
657 706 720 778 eju'e
744 707 909 762 humaniter
932 709 964 760 in
984 703 1133 778 personeti-

178 791 248 843 vina
270 785 460 854 subsistebat,
490 801 540 840 seu
568 795 619 856 per
641 788 767 841 actiones
787 787 977 841 humanitatis
993 789 1026 840 'in
1044 797 1133 856 persona

179 869 281 924 divina
308 867 507 922 subsistentis:
537 881 611 936 quoe
639 867 789 932 actiones,
813 873 847 919 ut
869 865 928 934 sio,
959 871 1036 920 erant
1058 861 1135 917 intuiti

178 949 305 1014 eoloris,
326 961 390 1002 oum
412 962 429 1002 a
449 959 572 1016 perenne
593 946 706 1002 induite
719 945 815 1020 digna
834 945 1031 1015 procederent.

240 1040 370 1112 Objtcies
384 1039 412 1094 22
435 1039 565 1096 christun
581 1041 728 1096 Dominus¹
741 1055 794 1112 pro
809 1043 1135 1112 remissionepeeoatonn

179 1121 263 1177 nobis
284 1119 467 1192 impetranda
489 1120 601 1174 Patrem
623 1137 706 1176 sunm
728 1121 836 1178 oravit:
866 1136 934 1193 ergo
956 1121 994 1175 ed
1014 1117 1133 1189 aequalita-

179 1209 235 1258 tem
256 1216 309 1272 pro
330 1201 402 1270 ipsis
424 1215 482 1254 nen
504 1201 659 1268 satisfecit-3
681 1202 707 1254 ei
729 1201 805 1254 enim
827 1201 880 1254 tali
899 1201 985 1256 modo
1000 1197 1132 1254 satisfecisse

178 1297 208 1337 se
230 1281 427 1352 cognovisset,
450 1280 555 1334 trustra
576 1293 629 1349 pro
651 1281 716 1349 ipae
736 1281 903 1335 remissione
922 1281 1033 1334 Paerem
1052 1281 1132 1332 orasset

238 1375 454 1448 Respondetur,
485 1375 632 1430 Christum
659 1375 815 1442 Dominum
840 1391 951 1443 orasse,
981 1381 1035 1430 non
1054 1381 1135 1440 utpro

180 1455 262 1510 cibus
277 1456 336 1509 suis
351 1457 500 1526 suppleret
516 1454 647 1525 aliquid,
669 1451 748 1526 quod
763 1455 956 1512 satisfactioni
972 1471 1036 1509 suae
1050 1455 1133 1510 deesset,

178 1531 230 1589 sed
251 1535 320 1608 quio
341 1549 378 1588 cx
399 1533 581 1590 ordinatione
604 1533 706 1588 divina
727 1551 786 1588 nna
807 1551 843 1589 ex
864 1535 1041 1602 actionibus,
1061 1529 1135 1602 quitus

178 1614 310 1668 Christus
337 1629 389 1668 nes
418 1631 435 1667 a
462 1615 589 1682 peccatis
617 1613 758 1668 redimere
786 1623 814 1668 et
840 1629 893 1684 pro
920 1614 983 1668 illia
1011 1613 1135 1668 satisfecero

180 1689 305 1748 debebat
327 1693 444 1748 divinoe
455 1692 604 1764 justitiae,
627 1699 686 1746 crat
701 1693 811 1760 oratio3
833 1693 909 1748 unde
925 1693 1018 1748 Isaiae
1031 1693 1071 1748 53.
1087 1691 1135 1741 iuter

179 1773 252 1826 elias
274 1773 418 1838 actiones,
441 1765 514 1842 quae
535 1771 553 1826 a¹
574 1773 717 1842 Propheta
732 1781 949 1840 enumerantur,
972 1773 1069 1844 quibos
1082 1764 1135 1822 Chri*

178 1859 238 1906 stus
267 1865 319 1920 pre
347 1851 474 1920 peccatis
501 1852 650 1906 hominum
682 1853 847 1908 satisfacere
882 1851 1021 1920 debebat,
1053 1847 1133 1920 ponitur

178 1931 287 1996 oratio,
310 1945 396 2002 quom
418 1930 478 1986 Deo
499 1931 579 1994 Patri
600 1924 708 1988 obtulit
728 1947 781 2002 pro
803 1923 1070 2004 transgresrroribu':
1095 1923 1135 1978 Ideo

176 2011 336 2082 &epatium
357 2011 383 2064 ei
398 2011 546 2080 plurimos,
570 2021 595 2065 ct
609 2012 725 2080 fortium
746 2011 848 2068 dividet
860 2013 957 2082 spolio,
975 2029 1028 2082 pro
1041 2027 1073 2071 eo,
1090 1999 1135 2076 qood

178 2091 292 2145 tradidit
313 2093 341 2144 a'n
361 2093 609 2146 morimarusam
629 2105 729 2160 auom,
752 2100 778 2146 et
798 2108 859 2145 cuer
876 2093 1016 2146 sceleratis
1033 2090 1135 2158 reputabi

177 2179 234 2225 eat:
261 2180 287 2224 et
313 2171 373 2240 o'pse
395 2179 511 2240 peccota
537 2171 677 2224 multorum
707 2169 781 2234 ouer,
811 2179 837 2225 et
857 2187 910 2241 pre
932 2162 1135 2242 compensetis

181 2252 298 2320 reperit.
350 2275 353 2278 ·
382 2289 383 2294 ι
427 2271 429 2278 ι
794 2288 796 2294 ,

505 2351 853 2460 unouroou.
956 2453 959 2460 ,

172 2517 254 2607 “An
279 2519 309 2574 st
332 2515 432 2574 homo
455 2529 523 2574 nen
547 2519 742 2644 ⁹⁰⁰⁰ffiffi',
758 2516 863 2576 mnus
880 2516 943 2574 Dat
964 2511 1125 2574 tncarmitlt

240 2716 265 2772 i.
308 2716 414 2774 Sensus
443 2717 620 2786 quaestionis
649 2724 707 2784 est,
738 2733 774 2770 en
802 2718 833 2770 vi
860 2718 941 2772 iliius
963 2715 1077 2780 decreti,
1100 2717 1135 2778 ott

179 2798 280 2854 statuit
301 2795 390 2863 neus.
408 2803 441 2854 ut
461 2795 590 2852 Verbum
605 2795 743 2852 divinum
766 2811 881 2864 curnem
899 2803 1058 2862 assumeret,
1077 2783 1135 2860 quii·

179 2893 236 2948 que
254 2891 306 2948 per
327 2876 491 2946 Scripturas
512 2891 607 2930 sacros
624 2876 713 2946 ,nobie
735 2877 877 2943 innotuit,
908 2877 984 2932 iacta
1009 2876 1094 2930 inisset
1108 2866 1135 2918 it·

178 2958 323 3023 oarnatio,
345 2956 531 3024 etsiprimue
552 2955 637 3016 homo
659 2971 719 3018 uon
738 2963 896 3024 peccassem

237 3051 318 3106 Duce
340 3059 436 3108 autem
454 3059 523 3106 ¹surrt
543 3065 630 3122 super
650 3052 710 3112 hee
721 3065 757 3106 re
772 3051 984 3124 Theologorum
997 3043 1134 3106 sententiae

176 3129 279 3189 ambae
300 3131 425 3191 mamere
446 3129 640 3202 probabiles,
653 3138 681 3186 et
694 3131 799 3200 pietati
814 3138 1028 3190 consentaneae.
1053 3125 1135 3182 Utram-

175 3224 233 3280 ,que
253 3209 301 3263 hic
323 3209 450 3269 breviter
472 3210 700 3280 explicabimus,
723 3217 754 3266 ut
775 3211 885 3281 cuique.
898 3197 1066 3267 liberum'rit
1083 3198 1135 3270 (⁰⁰¹⁰

177 3287 254 3345 nihil
275 3303 361 3356 super
381 3289 440 3358 hac
457 3305 487 3342 rc
509 3287 545 3343 eb
560 3289 691 3352 Ecclesia
709 3289 860 3345 definitum
877 3290 985 3361 tuerit),
1007 3302 1070 3352 eam,
1088 3285 1135 3350 quae

179 3367 272 3438 magis
295 3367 445 3434 arriserit,
468 3369 613 3440 amplecti.
754 3437 759 3442 „
1017 3421 1020 3432 .

182 3487 184 3497 ,
244 3461 342 3516 Prima
367 3465 511 3518 sententia
537 3473 579 3518 eet
606 3480 720 3532 eorum,
749 3466 801 3536 qui
827 3474 948 3538 pagane
963 3461 1079 3520 ndomo
1100 3463 1135 3506 roo

184 3549 323 3610 peccante
343 3537 448 3596 Filium
470 3541 528 3595 Dei
546 3544 640 3599 tuisse
657 3543 879 3620 incarnandum.
918 3581 919 3584 =
1041 3571 1043 3576 ·
