<?xml version="1.0" encoding="UTF-8"?>
<!DOCTYPE html PUBLIC "-//W3C//DTD XHTML 1.0 Transitional//EN"
    "http://www.w3.org/TR/xhtml1/DTD/xhtml1-transitional.dtd">
<html xmlns="http://www.w3.org/1999/xhtml" xml:lang="en" lang="en">
 <head>
  <title>
</title>
<meta http-equiv="Content-Type" content="text/html;charset=utf-8" />
  <meta name='ocr-system' content='tesseract 3.04.00' />
  <meta name='ocr-capabilities' content='ocr_page ocr_carea ocr_par ocr_line ocrx_word'/>
</head>
<body>
  <div class='ocr_page' id='page_1' title='image "./medullatheologi01abelgoog_0050.png"; bbox 0 0 2332 3880; ppageno 0'>
   <div class='ocr_carea' id='block_1_1' title="bbox 446 195 1011 270">
    <p class='ocr_par' dir='ltr' id='par_1_1' title="bbox 446 195 1011 270">
     <span class='ocr_line' id='line_1_1' title="bbox 446 195 1011 270; baseline 0.004 -9"><span class='ocrx_word' id='word_1_1' title='bbox 446 217 483 261; x_wconf 79' lang='lat' dir='ltr'>nu</span> <span class='ocrx_word' id='word_1_2' title='bbox 501 219 578 261; x_wconf 81' lang='lat' dir='ltr'>rtur.</span> <span class='ocrx_word' id='word_1_3' title='bbox 967 195 1011 270; x_wconf 71' lang='lat' dir='ltr'>dd</span> 
     </span>
    </p>
   </div>
   <div class='ocr_carea' id='block_1_2' title="bbox 33 337 1089 3670">
    <p class='ocr_par' dir='ltr' id='par_1_2' title="bbox 35 337 1009 726">
     <span class='ocr_line' id='line_1_2' title="bbox 40 337 1009 412; baseline 0.006 -22"><span class='ocrx_word' id='word_1_4' title='bbox 40 339 128 392; x_wconf 85' lang='lat' dir='ltr'>nullam</span> <span class='ocrx_word' id='word_1_5' title='bbox 158 337 339 395; x_wconf 80' lang='lat' dir='ltr'>evidentiam</span> <span class='ocrx_word' id='word_1_6' title='bbox 368 341 486 408; x_wconf 83' lang='lat' dir='ltr'>proprie</span> <span class='ocrx_word' id='word_1_7' title='bbox 517 337 623 394; x_wconf 84' lang='lat' dir='ltr'>dictum</span> <span class='ocrx_word' id='word_1_8' title='bbox 656 337 762 394; x_wconf 79' lang='lat' dir='ltr'>habere</span> <span class='ocrx_word' id='word_1_9' title='bbox 787 339 825 394; x_wconf 87' lang='lat' dir='ltr'>de</span> <span class='ocrx_word' id='word_1_10' title='bbox 853 343 1009 412; x_wconf 68' lang='lat' dir='ltr'>rnyoterllu2</span> 
     </span>
     <span class='ocr_line' id='line_1_3' title="bbox 37 417 1008 495; baseline 0.006 -25"><span class='ocrx_word' id='word_1_11' title='bbox 37 433 92 488; x_wconf 84' lang='lat' dir='ltr'>quae</span> <span class='ocrx_word' id='word_1_12' title='bbox 109 425 157 488; x_wconf 89' lang='lat' dir='ltr'>pe&#39;r</span> <span class='ocrx_word' id='word_1_13' title='bbox 176 417 277 474; x_wconf 79' lang='lat' dir='ltr'>Fidem</span> <span class='ocrx_word' id='word_1_14' title='bbox 301 418 451 472; x_wconf 84' lang='lat' dir='ltr'>credimus.</span> <span class='ocrx_word' id='word_1_15' title='bbox 493 417 544 495; x_wconf 66' lang='lat' dir='ltr'>Et,</span> <span class='ocrx_word' id='word_1_16' title='bbox 574 417 600 473; x_wconf 91' lang='lat' dir='ltr'>si</span> <span class='ocrx_word' id='word_1_17' title='bbox 623 419 722 490; x_wconf 83' lang='lat' dir='ltr'>aliqua</span> <span class='ocrx_word' id='word_1_18' title='bbox 750 419 788 473; x_wconf 91' lang='lat' dir='ltr'>sit</span> <span class='ocrx_word' id='word_1_19' title='bbox 808 418 901 490; x_wconf 88' lang='lat' dir='ltr'>ipsius</span> <span class='ocrx_word' id='word_1_20' title='bbox 922 417 1008 478; x_wconf 80' lang='lat' dir='ltr'>Fidei</span> 
     </span>
     <span class='ocr_line' id='line_1_4' title="bbox 36 498 1008 574; baseline 0.007 -24"><span class='ocrx_word' id='word_1_21' title='bbox 36 499 134 568; x_wconf 83' lang='lat' dir='ltr'>veritas,</span> <span class='ocrx_word' id='word_1_22' title='bbox 161 512 250 570; x_wconf 87' lang='lat' dir='ltr'>quarn</span> <span class='ocrx_word' id='word_1_23' title='bbox 279 498 428 555; x_wconf 84' lang='lat' dir='ltr'>evidenter</span> <span class='ocrx_word' id='word_1_24' title='bbox 454 509 659 574; x_wconf 59' lang='lat' dir='ltr'>agnoscamus}</span> <span class='ocrx_word' id='word_1_25' title='bbox 681 509 768 568; x_wconf 91' lang='lat' dir='ltr'>prout</span> <span class='ocrx_word' id='word_1_26' title='bbox 794 499 835 553; x_wconf 85' lang='lat' dir='ltr'>ita</span> <span class='ocrx_word' id='word_1_27' title='bbox 860 503 1008 573; x_wconf 76' lang='lat' dir='ltr'>cognosci·</span> 
     </span>
     <span class='ocr_line' id='line_1_5' title="bbox 36 575 1007 653; baseline 0.007 -24"><span class='ocrx_word' id='word_1_28' title='bbox 36 583 81 643; x_wconf 88' lang='lat' dir='ltr'>tur,</span> <span class='ocrx_word' id='word_1_29' title='bbox 106 576 139 630; x_wconf 93' lang='lat' dir='ltr'>ad</span> <span class='ocrx_word' id='word_1_30' title='bbox 165 577 266 633; x_wconf 77' lang='lat' dir='ltr'>Fidem</span> <span class='ocrx_word' id='word_1_31' title='bbox 295 593 351 632; x_wconf 92' lang='lat' dir='ltr'>non</span> <span class='ocrx_word' id='word_1_32' title='bbox 372 577 512 646; x_wconf 87' lang='lat' dir='ltr'>pertinet,</span> <span class='ocrx_word' id='word_1_33' title='bbox 541 577 592 632; x_wconf 88' lang='lat' dir='ltr'>sed</span> <span class='ocrx_word' id='word_1_34' title='bbox 613 575 651 632; x_wconf 87' lang='lat' dir='ltr'>ad</span> <span class='ocrx_word' id='word_1_35' title='bbox 672 577 793 648; x_wconf 86' lang='lat' dir='ltr'>aliquod</span> <span class='ocrx_word' id='word_1_36' title='bbox 814 579 896 634; x_wconf 91' lang='lat' dir='ltr'>aliud</span> <span class='ocrx_word' id='word_1_37' title='bbox 917 587 1007 653; x_wconf 73' lang='lat' dir='ltr'>genus</span> 
     </span>
     <span class='ocr_line' id='line_1_6' title="bbox 35 657 380 726; baseline 0.014 -18"><span class='ocrx_word' id='word_1_38' title='bbox 35 657 218 726; x_wconf 69' lang='lat' dir='ltr'>cognitione·</span> <span class='ocrx_word' id='word_1_39' title='bbox 378 675 380 684; x_wconf 66' lang='lat'><strong>¹</strong></span> 
     </span>
    </p>

    <p class='ocr_par' dir='ltr' id='par_1_3' title="bbox 33 734 1010 1362">
     <span class='ocr_line' id='line_1_7' title="bbox 80 734 1006 810; baseline 0.005 -20"><span class='ocrx_word' id='word_1_40' title='bbox 80 735 295 791; x_wconf 79' lang='lat' dir='ltr'>Observandum</span> <span class='ocrx_word' id='word_1_41' title='bbox 309 745 360 803; x_wconf 86' lang='lat' dir='ltr'>ast,</span> <span class='ocrx_word' id='word_1_42' title='bbox 382 734 469 807; x_wconf 81' lang='lat' dir='ltr'>hujus</span> <span class='ocrx_word' id='word_1_43' title='bbox 487 735 654 810; x_wconf 64' lang='lat' dir='ltr'>artemonis</span> <span class='ocrx_word' id='word_1_44' title='bbox 668 737 817 791; x_wconf 81' lang='lat' dir='ltr'>veritatem</span> <span class='ocrx_word' id='word_1_45' title='bbox 833 738 920 794; x_wconf 85' lang='lat' dir='ltr'>talem</span> <span class='ocrx_word' id='word_1_46' title='bbox 935 754 1006 808; x_wconf 87' lang='lat' dir='ltr'>asse,</span> 
     </span>
     <span class='ocr_line' id='line_1_8' title="bbox 34 815 1010 886; baseline 0.01 -20"><span class='ocrx_word' id='word_1_47' title='bbox 34 821 58 867; x_wconf 90' lang='lat' dir='ltr'>ut</span> <span class='ocrx_word' id='word_1_48' title='bbox 72 815 143 870; x_wconf 86' lang='lat' dir='ltr'>illius</span> <span class='ocrx_word' id='word_1_49' title='bbox 163 816 332 886; x_wconf 74' lang='lat' dir='ltr'>oppositum</span> <span class='ocrx_word' id='word_1_50' title='bbox 347 817 422 870; x_wconf 86' lang='lat' dir='ltr'>inter</span> <span class='ocrx_word' id='word_1_51' title='bbox 436 815 672 870; x_wconf 69' lang='lat' dir='ltr'>Manichaeorum</span> <span class='ocrx_word' id='word_1_52' title='bbox 686 815 817 870; x_wconf 78' lang='lat' dir='ltr'>haereses</span> <span class='ocrx_word' id='word_1_53' title='bbox 831 821 1010 876; x_wconf 76' lang='lat' dir='ltr'>recensuerit</span> 
     </span>
     <span class='ocr_line' id='line_1_9' title="bbox 36 893 1007 970; baseline 0.008 -26"><span class='ocrx_word' id='word_1_54' title='bbox 36 893 56 944; x_wconf 79' lang='grc'>8.</span> <span class='ocrx_word' id='word_1_55' title='bbox 74 896 241 965; x_wconf 78' lang='lat' dir='ltr'><strong>Augustinus</strong></span> <span class='ocrx_word' id='word_1_56' title='bbox 270 894 324 950; x_wconf 87' lang='lat' dir='ltr'>lib.</span> <span class='ocrx_word' id='word_1_57' title='bbox 345 894 384 949; x_wconf 86' lang='lat' dir='ltr'>de</span> <span class='ocrx_word' id='word_1_58' title='bbox 408 895 534 948; x_wconf 85' lang='lat' dir='ltr'>utilitate</span> <span class='ocrx_word' id='word_1_59' title='bbox 563 893 718 961; x_wconf 85' lang='lat' dir='ltr'>credendi,</span> <span class='ocrx_word' id='word_1_60' title='bbox 747 911 810 968; x_wconf 85' lang='lat' dir='ltr'>cap.</span> <span class='ocrx_word' id='word_1_61' title='bbox 826 895 853 950; x_wconf 85' lang='lat' dir='ltr'>l.</span> <span class='ocrx_word' id='word_1_62' title='bbox 883 895 934 950; x_wconf 88' lang='lat' dir='ltr'>nbi</span> <span class='ocrx_word' id='word_1_63' title='bbox 956 899 1007 970; x_wconf 86' lang='lat' dir='ltr'>ait,</span> 
     </span>
     <span class='ocr_line' id='line_1_10' title="bbox 36 971 1009 1043; baseline 0.01 -21"><span class='ocrx_word' id='word_1_64' title='bbox 36 971 89 1026; x_wconf 87' lang='lat' dir='ltr'>illos</span> <span class='ocrx_word' id='word_1_65' title='bbox 105 975 297 1030; x_wconf 82' lang='lat' dir='ltr'>eriatiuuarse.</span> <span class='ocrx_word' id='word_1_66' title='bbox 327 989 413 1028; x_wconf 81' lang='lat' dir='ltr'>vana·</span> <span class='ocrx_word' id='word_1_67' title='bbox 430 974 635 1043; x_wconf 75' lang='lat' dir='ltr'>superstitione</span> <span class='ocrx_word' id='word_1_68' title='bbox 664 976 755 1030; x_wconf 86' lang='lat' dir='ltr'>tenorl</span> <span class='ocrx_word' id='word_1_69' title='bbox 777 975 955 1032; x_wconf 84' lang='lat' dir='ltr'>Christianos</span> <span class='ocrx_word' id='word_1_70' title='bbox 976 979 1009 1034; x_wconf 85' lang='lat' dir='ltr'>in</span> 
     </span>
     <span class='ocr_line' id='line_1_11' title="bbox 37 1053 1009 1124; baseline 0.011 -21"><span class='ocrx_word' id='word_1_71' title='bbox 37 1066 76 1117; x_wconf 82' lang='lat' dir='ltr'>eo,</span> <span class='ocrx_word' id='word_1_72' title='bbox 93 1053 161 1124; x_wconf 87' lang='lat' dir='ltr'>qood</span> <span class='ocrx_word' id='word_1_73' title='bbox 173 1053 261 1110; x_wconf 80' lang='lat' dir='ltr'>Fides</span> <span class='ocrx_word' id='word_1_74' title='bbox 284 1054 345 1108; x_wconf 88' lang='lat' dir='ltr'>illis</span> <span class='ocrx_word' id='word_1_75' title='bbox 359 1055 515 1124; x_wconf 82' lang='lat' dir='ltr'>imperaret</span> <span class='ocrx_word' id='word_1_76' title='bbox 529 1061 595 1108; x_wconf 83' lang='lat' dir='ltr'>aute</span> <span class='ocrx_word' id='word_1_77' title='bbox 610 1055 768 1122; x_wconf 68' lang='lat' dir='ltr'>rationem</span> <span class='ocrx_word' id='word_1_78' title='bbox 789 1063 816 1109; x_wconf 88' lang='lat' dir='ltr'>et</span> <span class='ocrx_word' id='word_1_79' title='bbox 829 1056 904 1111; x_wconf 85' lang='lat' dir='ltr'>banc</span> <span class='ocrx_word' id='word_1_80' title='bbox 918 1056 1009 1114; x_wconf 72' lang='lat' dir='ltr'>missu</span> 
     </span>
     <span class='ocr_line' id='line_1_12' title="bbox 35 1132 1008 1205; baseline 0.012 -23"><span class='ocrx_word' id='word_1_81' title='bbox 35 1132 93 1185; x_wconf 86' lang='lat' dir='ltr'>inter</span> <span class='ocrx_word' id='word_1_82' title='bbox 108 1133 293 1190; x_wconf 77' lang='lat' dir='ltr'>Manichacus</span> <span class='ocrx_word' id='word_1_83' title='bbox 314 1141 343 1188; x_wconf 89' lang='lat' dir='ltr'>ct</span> <span class='ocrx_word' id='word_1_84' title='bbox 357 1133 521 1189; x_wconf 76' lang='lat' dir='ltr'>catholicos</span> <span class='ocrx_word' id='word_1_85' title='bbox 537 1133 728 1188; x_wconf 78' lang='lat' dir='ltr'>differentiam</span> <span class='ocrx_word' id='word_1_86' title='bbox 737 1149 755 1200; x_wconf 71' lang='lat'>‚¹</span> <span class='ocrx_word' id='word_1_87' title='bbox 768 1135 847 1205; x_wconf 88' lang='lat' dir='ltr'>quod</span> <span class='ocrx_word' id='word_1_88' title='bbox 862 1136 1008 1194; x_wconf 84' lang='lat' dir='ltr'>Catholloi</span> 
     </span>
     <span class='ocr_line' id='line_1_13' title="bbox 34 1209 1009 1284; baseline 0.01 -22"><span class='ocrx_word' id='word_1_89' title='bbox 34 1209 173 1280; x_wconf 84' lang='lat' dir='ltr'>crederent,</span> <span class='ocrx_word' id='word_1_90' title='bbox 196 1221 231 1268; x_wconf 90' lang='lat' dir='ltr'>ut</span> <span class='ocrx_word' id='word_1_91' title='bbox 252 1221 471 1284; x_wconf 83' lang='lat' dir='ltr'>cognoscerent3</span> <span class='ocrx_word' id='word_1_92' title='bbox 493 1213 659 1267; x_wconf 75' lang='lat' dir='ltr'>Manichaei</span> <span class='ocrx_word' id='word_1_93' title='bbox 680 1219 774 1268; x_wconf 83' lang='lat' dir='ltr'>autem</span> <span class='ocrx_word' id='word_1_94' title='bbox 796 1215 877 1283; x_wconf 89' lang='lat' dir='ltr'>prius</span> <span class='ocrx_word' id='word_1_95' title='bbox 898 1215 1009 1272; x_wconf 84' lang='lat' dir='ltr'>vellent</span> 
     </span>
     <span class='ocr_line' id='line_1_14' title="bbox 33 1291 758 1362; baseline 0.003 -20"><span class='ocrx_word' id='word_1_96' title='bbox 33 1304 196 1360; x_wconf 78' lang='lat' dir='ltr'>cognoscere,</span> <span class='ocrx_word' id='word_1_97' title='bbox 220 1302 254 1348; x_wconf 88' lang='lat' dir='ltr'>ut</span> <span class='ocrx_word' id='word_1_98' title='bbox 273 1302 389 1362; x_wconf 80' lang='lat' dir='ltr'>postet,</span> <span class='ocrx_word' id='word_1_99' title='bbox 411 1293 437 1346; x_wconf 91' lang='lat' dir='ltr'>si</span> <span class='ocrx_word' id='word_1_100' title='bbox 456 1292 577 1359; x_wconf 82' lang='lat' dir='ltr'>liberet,</span> <span class='ocrx_word' id='word_1_101' title='bbox 600 1291 758 1348; x_wconf 82' lang='lat' dir='ltr'>crederent.</span> 
     </span>
    </p>

    <p class='ocr_par' dir='ltr' id='par_1_4' title="bbox 33 1369 1089 1602">
     <span class='ocr_line' id='line_1_15' title="bbox 80 1369 1004 1442; baseline 0.008 -18"><span class='ocrx_word' id='word_1_102' title='bbox 80 1370 198 1442; x_wconf 77' lang='lat' dir='ltr'>Objicles</span> <span class='ocrx_word' id='word_1_103' title='bbox 221 1373 295 1427; x_wconf 88' lang='lat' dir='ltr'>haec</span> <span class='ocrx_word' id='word_1_104' title='bbox 317 1372 428 1426; x_wconf 84' lang='lat' dir='ltr'>Christi·</span> <span class='ocrx_word' id='word_1_105' title='bbox 446 1371 552 1438; x_wconf 83' lang='lat' dir='ltr'>verba,</span> <span class='ocrx_word' id='word_1_106' title='bbox 575 1373 660 1428; x_wconf 83' lang='lat' dir='ltr'>Joan.</span> <span class='ocrx_word' id='word_1_107' title='bbox 675 1369 724 1426; x_wconf 82' lang='lat'>20.</span> <span class='ocrx_word' id='word_1_108' title='bbox 753 1371 823 1436; x_wconf 81' lang='lat' dir='ltr'>Quia</span> <span class='ocrx_word' id='word_1_109' title='bbox 844 1375 937 1428; x_wconf 79' lang='lat' dir='ltr'>uidisti</span> <span class='ocrx_word' id='word_1_110' title='bbox 955 1390 1004 1440; x_wconf 78' lang='lat' dir='ltr'>me,</span> 
     </span>
     <span class='ocr_line' id='line_1_16' title="bbox 35 1447 1089 1524; baseline 0.007 -20"><span class='ocrx_word' id='word_1_111' title='bbox 35 1447 127 1515; x_wconf 75' lang='lat' dir='ltr'>ibono,</span> <span class='ocrx_word' id='word_1_112' title='bbox 148 1454 308 1518; x_wconf 65' lang='lat' dir='ltr'>credidistir</span> <span class='ocrx_word' id='word_1_113' title='bbox 330 1467 366 1505; x_wconf 82' lang='lat' dir='ltr'>ex</span> <span class='ocrx_word' id='word_1_114' title='bbox 387 1449 492 1522; x_wconf 88' lang='lat' dir='ltr'>quibus</span> <span class='ocrx_word' id='word_1_115' title='bbox 513 1453 645 1518; x_wconf 84' lang='lat' dir='ltr'>infertur,</span> <span class='ocrx_word' id='word_1_116' title='bbox 667 1451 694 1506; x_wconf 83' lang='grc'>8.</span> <span class='ocrx_word' id='word_1_117' title='bbox 712 1449 852 1507; x_wconf 77' lang='lat' dir='ltr'>Thomanr</span> <span class='ocrx_word' id='word_1_118' title='bbox 868 1455 949 1524; x_wconf 82' lang='lat' dir='ltr'>priua</span> <span class='ocrx_word' id='word_1_119' title='bbox 963 1457 1007 1511; x_wconf 83' lang='lat' dir='ltr'>vl·</span> <span class='ocrx_word' id='word_1_120' title='bbox 1086 1463 1089 1473; x_wconf 81' lang='lat'><em>&#39;</em></span> 
     </span>
     <span class='ocr_line' id='line_1_17' title="bbox 33 1525 1006 1602; baseline 0.011 -23"><span class='ocrx_word' id='word_1_121' title='bbox 33 1525 106 1596; x_wconf 86' lang='lat' dir='ltr'>disse,</span> <span class='ocrx_word' id='word_1_122' title='bbox 125 1545 157 1585; x_wconf 84' lang='lat' dir='ltr'>cc</span> <span class='ocrx_word' id='word_1_123' title='bbox 174 1530 304 1602; x_wconf 80' lang='lat' dir='ltr'>proinde</span> <span class='ocrx_word' id='word_1_124' title='bbox 318 1530 495 1586; x_wconf 87' lang='lat' dir='ltr'>evidentiam</span> <span class='ocrx_word' id='word_1_125' title='bbox 509 1531 661 1598; x_wconf 84' lang='lat' dir='ltr'>habuisse,</span> <span class='ocrx_word' id='word_1_126' title='bbox 683 1539 710 1586; x_wconf 89' lang='lat' dir='ltr'>et</span> <span class='ocrx_word' id='word_1_127' title='bbox 724 1539 825 1602; x_wconf 85' lang='lat' dir='ltr'>postea</span> <span class='ocrx_word' id='word_1_128' title='bbox 839 1533 1006 1592; x_wconf 81' lang='lat' dir='ltr'>credidisse.</span> 
     </span>
    </p>

    <p class='ocr_par' dir='ltr' id='par_1_5' title="bbox 35 1608 1009 1922">
     <span class='ocr_line' id='line_1_18' title="bbox 79 1608 1009 1684; baseline 0.01 -22"><span class='ocrx_word' id='word_1_129' title='bbox 79 1608 275 1680; x_wconf 71' lang='lat' dir='ltr'>despondetur</span> <span class='ocrx_word' id='word_1_130' title='bbox 290 1625 355 1666; x_wconf 87' lang='lat' dir='ltr'>curn</span> <span class='ocrx_word' id='word_1_131' title='bbox 369 1612 397 1664; x_wconf 89' lang='lat' dir='ltr'>S.</span> <span class='ocrx_word' id='word_1_132' title='bbox 412 1609 496 1680; x_wconf 74' lang='lat' dir='ltr'>erog.</span> <span class='ocrx_word' id='word_1_133' title='bbox 512 1611 588 1664; x_wconf 86' lang='lat' dir='ltr'>bom.</span> <span class='ocrx_word' id='word_1_134' title='bbox 599 1611 646 1665; x_wconf 63' lang='lat'>26¹.</span> <span class='ocrx_word' id='word_1_135' title='bbox 662 1611 693 1667; x_wconf 91' lang='lat' dir='ltr'>in</span> <span class='ocrx_word' id='word_1_136' title='bbox 708 1611 877 1684; x_wconf 78' lang='lat' dir='ltr'>Evangelia,</span> <span class='ocrx_word' id='word_1_137' title='bbox 894 1614 921 1667; x_wconf 84' lang='lat' dir='ltr'>S.</span> <span class='ocrx_word' id='word_1_138' title='bbox 931 1613 1009 1670; x_wconf 78' lang='lat' dir='ltr'>&#39;lbo-</span> 
     </span>
     <span class='ocr_line' id='line_1_19' title="bbox 35 1688 1009 1757; baseline 0.012 -20"><span class='ocrx_word' id='word_1_139' title='bbox 35 1701 91 1741; x_wconf 82' lang='lat' dir='ltr'>nam</span> <span class='ocrx_word' id='word_1_140' title='bbox 110 1690 189 1744; x_wconf 88' lang='lat' dir='ltr'>aliud</span> <span class='ocrx_word' id='word_1_141' title='bbox 203 1690 333 1757; x_wconf 82' lang='lat' dir='ltr'>vidisse,</span> <span class='ocrx_word' id='word_1_142' title='bbox 356 1689 438 1744; x_wconf 90' lang='lat' dir='ltr'>aliud</span> <span class='ocrx_word' id='word_1_143' title='bbox 453 1689 626 1744; x_wconf 85' lang='lat' dir='ltr'>credidisse:</span> <span class='ocrx_word' id='word_1_144' title='bbox 650 1688 759 1746; x_wconf 85' lang='lat' dir='ltr'>vidisse</span> <span class='ocrx_word' id='word_1_145' title='bbox 774 1691 886 1746; x_wconf 82' lang='lat' dir='ltr'>scilicet</span> <span class='ocrx_word' id='word_1_146' title='bbox 901 1692 1009 1750; x_wconf 81' lang='lat' dir='ltr'>Christi</span> 
     </span>
     <span class='ocr_line' id='line_1_20' title="bbox 35 1763 1009 1848; baseline 0.01 -28"><span class='ocrx_word' id='word_1_147' title='bbox 35 1763 237 1836; x_wconf 74' lang='lat' dir='ltr'>inunitatem,</span> <span class='ocrx_word' id='word_1_148' title='bbox 267 1769 425 1842; x_wconf 79' lang='lat' dir='ltr'>credidisse</span> <span class='ocrx_word' id='word_1_149' title='bbox 454 1769 654 1848; x_wconf 78' lang='lat' dir='ltr'>divinitatem,</span> <span class='ocrx_word' id='word_1_150' title='bbox 682 1771 863 1848; x_wconf 70' lang='lat' dir='ltr'>proindeque</span> <span class='ocrx_word' id='word_1_151' title='bbox 891 1771 1009 1838; x_wconf 71' lang='lat' dir='ltr'>criden·</span> 
     </span>
     <span class='ocr_line' id='line_1_21' title="bbox 37 1845 690 1922; baseline 0.012 -28"><span class='ocrx_word' id='word_1_152' title='bbox 37 1845 178 1920; x_wconf 71' lang='lat' dir='ltr'>nunejus,</span> <span class='ocrx_word' id='word_1_153' title='bbox 202 1849 282 1922; x_wconf 89' lang='lat' dir='ltr'>quod</span> <span class='ocrx_word' id='word_1_154' title='bbox 304 1847 444 1917; x_wconf 89' lang='lat' dir='ltr'>credidit,</span> <span class='ocrx_word' id='word_1_155' title='bbox 468 1865 524 1912; x_wconf 85' lang='lat' dir='ltr'>uon</span> <span class='ocrx_word' id='word_1_156' title='bbox 545 1849 690 1907; x_wconf 78' lang='lat' dir='ltr'>habuisse.</span> 
     </span>
    </p>

    <p class='ocr_par' dir='ltr' id='par_1_6' title="bbox 35 1923 1010 2159">
     <span class='ocr_line' id='line_1_22' title="bbox 78 1923 1010 1999; baseline 0.009 -20"><span class='ocrx_word' id='word_1_157' title='bbox 78 1923 101 1979; x_wconf 82' lang='lat'>2.</span> <span class='ocrx_word' id='word_1_158' title='bbox 140 1929 305 1985; x_wconf 87' lang='lat' dir='ltr'>Dicendum</span> <span class='ocrx_word' id='word_1_159' title='bbox 320 1929 347 1985; x_wconf 76' lang='lat'>2.</span> <span class='ocrx_word' id='word_1_160' title='bbox 371 1929 409 1983; x_wconf 89' lang='lat' dir='ltr'>ad</span> <span class='ocrx_word' id='word_1_161' title='bbox 430 1929 588 1999; x_wconf 81' lang='lat' dir='ltr'>perfectam</span> <span class='ocrx_word' id='word_1_162' title='bbox 610 1929 749 1984; x_wconf 84' lang='lat' dir='ltr'>rationem</span> <span class='ocrx_word' id='word_1_163' title='bbox 771 1929 855 1986; x_wconf 86' lang='lat' dir='ltr'>Fidei</span> <span class='ocrx_word' id='word_1_164' title='bbox 880 1945 1010 1988; x_wconf 89' lang='lat' dir='ltr'>necessa-</span> 
     </span>
     <span class='ocr_line' id='line_1_23' title="bbox 37 2003 1010 2078; baseline 0.011 -23"><span class='ocrx_word' id='word_1_165' title='bbox 37 2003 92 2059; x_wconf 81' lang='lat' dir='ltr'>uun</span> <span class='ocrx_word' id='word_1_166' title='bbox 110 2022 184 2078; x_wconf 83' lang='lat' dir='ltr'>esee,</span> <span class='ocrx_word' id='word_1_167' title='bbox 212 2017 248 2063; x_wconf 91' lang='lat' dir='ltr'>ut</span> <span class='ocrx_word' id='word_1_168' title='bbox 277 2007 415 2066; x_wconf 79' lang='lat' dir='ltr'>revelatio</span> <span class='ocrx_word' id='word_1_169' title='bbox 435 2007 538 2064; x_wconf 86' lang='lat' dir='ltr'>divina</span> <span class='ocrx_word' id='word_1_170' title='bbox 559 2009 597 2062; x_wconf 85' lang='lat' dir='ltr'>sit</span> <span class='ocrx_word' id='word_1_171' title='bbox 618 2011 703 2066; x_wconf 83' lang='lat' dir='ltr'>etiam</span> <span class='ocrx_word' id='word_1_172' title='bbox 725 2007 848 2065; x_wconf 83' lang='lat' dir='ltr'>obscuro</span> <span class='ocrx_word' id='word_1_173' title='bbox 869 2017 896 2065; x_wconf 88' lang='lat' dir='ltr'>et</span> <span class='ocrx_word' id='word_1_174' title='bbox 916 2012 1010 2066; x_wconf 84' lang='lat' dir='ltr'>inevi-</span> 
     </span>
     <span class='ocr_line' id='line_1_24' title="bbox 35 2079 431 2159; baseline 0.023 -27"><span class='ocrx_word' id='word_1_175' title='bbox 35 2079 87 2137; x_wconf 86' lang='lat' dir='ltr'>dens</span> <span class='ocrx_word' id='word_1_176' title='bbox 105 2101 141 2142; x_wconf 50' lang='lat' dir='ltr'>eu¹</span> <span class='ocrx_word' id='word_1_177' title='bbox 159 2097 244 2159; x_wconf 87' lang='lat' dir='ltr'>parte</span> <span class='ocrx_word' id='word_1_178' title='bbox 262 2083 431 2144; x_wconf 76' lang='lat' dir='ltr'>revelantis.</span> 
     </span>
    </p>

    <p class='ocr_par' dir='ltr' id='par_1_7' title="bbox 35 2162 1013 2699">
     <span class='ocr_line' id='line_1_25' title="bbox 81 2162 1013 2238; baseline 0.006 -20"><span class='ocrx_word' id='word_1_179' title='bbox 81 2162 216 2223; x_wconf 83' lang='lat' dir='ltr'>Probatur</span> <span class='ocrx_word' id='word_1_180' title='bbox 245 2183 282 2222; x_wconf 82' lang='lat' dir='ltr'>ex</span> <span class='ocrx_word' id='word_1_181' title='bbox 308 2169 354 2224; x_wconf 78' lang='lat' dir='ltr'>iia&#39;</span> <span class='ocrx_word' id='word_1_182' title='bbox 375 2167 509 2223; x_wconf 87' lang='lat' dir='ltr'>omnibus</span> <span class='ocrx_word' id='word_1_183' title='bbox 534 2180 632 2222; x_wconf 79' lang='lat' dir='ltr'>sacrae</span> <span class='ocrx_word' id='word_1_184' title='bbox 654 2169 820 2238; x_wconf 75' lang='lat' dir='ltr'>scripturae</span> <span class='ocrx_word' id='word_1_185' title='bbox 841 2177 869 2224; x_wconf 89' lang='lat' dir='ltr'>et</span> <span class='ocrx_word' id='word_1_186' title='bbox 891 2170 939 2223; x_wconf 86' lang='lat' dir='ltr'>SS.</span> <span class='ocrx_word' id='word_1_187' title='bbox 956 2169 1013 2224; x_wconf 65' lang='lat' dir='ltr'>Pae</span> 
     </span>
     <span class='ocr_line' id='line_1_26' title="bbox 36 2246 1008 2318; baseline 0.01 -25"><span class='ocrx_word' id='word_1_188' title='bbox 36 2246 92 2296; x_wconf 85' lang='lat' dir='ltr'>ttnrn</span> <span class='ocrx_word' id='word_1_189' title='bbox 110 2247 350 2316; x_wconf 79' lang='lat' dir='ltr'>authoritatibus,</span> <span class='ocrx_word' id='word_1_190' title='bbox 373 2246 479 2318; x_wconf 86' lang='lat' dir='ltr'>quibus</span> <span class='ocrx_word' id='word_1_191' title='bbox 501 2261 589 2316; x_wconf 87' lang='lat' dir='ltr'>supra</span> <span class='ocrx_word' id='word_1_192' title='bbox 610 2254 754 2302; x_wconf 81' lang='lat' dir='ltr'>ostensum</span> <span class='ocrx_word' id='word_1_193' title='bbox 776 2257 834 2314; x_wconf 85' lang='lat' dir='ltr'>est,</span> <span class='ocrx_word' id='word_1_194' title='bbox 856 2247 1008 2304; x_wconf 81' lang='lat' dir='ltr'>revelatio·</span> 
     </span>
     <span class='ocr_line' id='line_1_27' title="bbox 35 2323 1008 2398; baseline 0.007 -23"><span class='ocrx_word' id='word_1_195' title='bbox 35 2333 85 2375; x_wconf 80' lang='lat' dir='ltr'>nour</span> <span class='ocrx_word' id='word_1_196' title='bbox 103 2323 237 2382; x_wconf 82' lang='lat' dir='ltr'>divinam&#39;</span> <span class='ocrx_word' id='word_1_197' title='bbox 255 2327 407 2382; x_wconf 86' lang='lat' dir='ltr'>obscuram</span> <span class='ocrx_word' id='word_1_198' title='bbox 429 2341 492 2380; x_wconf 84' lang='lat' dir='ltr'>esse</span> <span class='ocrx_word' id='word_1_199' title='bbox 512 2326 616 2380; x_wconf 87' lang='lat' dir='ltr'>debere</span> <span class='ocrx_word' id='word_1_200' title='bbox 637 2343 674 2381; x_wconf 87' lang='lat' dir='ltr'>ex</span> <span class='ocrx_word' id='word_1_201' title='bbox 694 2334 776 2396; x_wconf 86' lang='lat' dir='ltr'>parte</span> <span class='ocrx_word' id='word_1_202' title='bbox 791 2329 834 2381; x_wconf 86' lang='lat' dir='ltr'>rei</span> <span class='ocrx_word' id='word_1_203' title='bbox 849 2329 1008 2398; x_wconf 81' lang='lat' dir='ltr'>revelatae3</span> 
     </span>
     <span class='ocr_line' id='line_1_28' title="bbox 37 2399 1009 2478; baseline 0.007 -24"><span class='ocrx_word' id='word_1_204' title='bbox 37 2399 90 2466; x_wconf 85' lang='lat' dir='ltr'>quia</span> <span class='ocrx_word' id='word_1_205' title='bbox 107 2405 252 2478; x_wconf 88' lang='lat' dir='ltr'>quidquid</span> <span class='ocrx_word' id='word_1_206' title='bbox 274 2408 458 2477; x_wconf 79' lang='lat' dir='ltr'>cognoscitur</span> <span class='ocrx_word' id='word_1_207' title='bbox 476 2406 625 2462; x_wconf 82' lang='lat' dir='ltr'>euidenter</span> <span class='ocrx_word' id='word_1_208' title='bbox 645 2421 663 2460; x_wconf 88' lang='lat' dir='ltr'>a</span> <span class='ocrx_word' id='word_1_209' title='bbox 683 2407 743 2460; x_wconf 87' lang='lat' dir='ltr'>Deo</span> <span class='ocrx_word' id='word_1_210' title='bbox 765 2421 825 2462; x_wconf 87' lang='lat' dir='ltr'>esse</span> <span class='ocrx_word' id='word_1_211' title='bbox 841 2408 1009 2475; x_wconf 85' lang='lat' dir='ltr'>revelatum,</span> 
     </span>
     <span class='ocr_line' id='line_1_29' title="bbox 36 2481 1012 2558; baseline 0.012 -30"><span class='ocrx_word' id='word_1_212' title='bbox 36 2489 61 2530; x_wconf 91' lang='lat' dir='ltr'>eo</span> <span class='ocrx_word' id='word_1_213' title='bbox 77 2481 132 2550; x_wconf 86' lang='lat' dir='ltr'>ipac</span> <span class='ocrx_word' id='word_1_214' title='bbox 152 2498 210 2557; x_wconf 88' lang='lat' dir='ltr'>quo</span> <span class='ocrx_word' id='word_1_215' title='bbox 233 2493 265 2539; x_wconf 91' lang='lat' dir='ltr'>ut</span> <span class='ocrx_word' id='word_1_216' title='bbox 285 2487 342 2540; x_wconf 89' lang='lat' dir='ltr'>tole</span> <span class='ocrx_word' id='word_1_217' title='bbox 363 2487 560 2558; x_wconf 82' lang='lat' dir='ltr'>cognoscitur,</span> <span class='ocrx_word' id='word_1_218' title='bbox 583 2493 675 2540; x_wconf 84' lang='lat' dir='ltr'>cessat</span> <span class='ocrx_word' id='word_1_219' title='bbox 688 2495 749 2540; x_wconf 80' lang='lat' dir='ltr'>ees&#39;e</span> <span class='ocrx_word' id='word_1_220' title='bbox 764 2485 935 2554; x_wconf 70' lang='lat' dir='ltr'>obscurum</span> <span class='ocrx_word' id='word_1_221' title='bbox 958 2485 1012 2541; x_wconf 83' lang='lat' dir='ltr'>sed</span> 
     </span>
     <span class='ocr_line' id='line_1_30' title="bbox 37 2555 1009 2636; baseline 0.009 -22"><span class='ocrx_word' id='word_1_222' title='bbox 37 2555 60 2608; x_wconf 86' lang='lat' dir='ltr'>lt</span> <span class='ocrx_word' id='word_1_223' title='bbox 77 2561 164 2636; x_wconf 81' lang='lat' dir='ltr'>aliquo</span> <span class='ocrx_word' id='word_1_224' title='bbox 186 2565 274 2620; x_wconf 88' lang='lat' dir='ltr'>modo</span> <span class='ocrx_word' id='word_1_225' title='bbox 295 2566 414 2622; x_wconf 82' lang='lat' dir='ltr'>evidens</span> <span class='ocrx_word' id='word_1_226' title='bbox 435 2565 597 2620; x_wconf 84' lang='lat' dir='ltr'>intellectui</span> <span class='ocrx_word' id='word_1_227' title='bbox 620 2575 740 2636; x_wconf 85' lang='lat' dir='ltr'>propter</span> <span class='ocrx_word' id='word_1_228' title='bbox 765 2565 1009 2624; x_wconf 74' lang='lat' dir='ltr'>infallibilitatem</span> 
     </span>
     <span class='ocr_line' id='line_1_31' title="bbox 38 2633 513 2699; baseline 0.025 -10"><span class='ocrx_word' id='word_1_229' title='bbox 38 2633 78 2692; x_wconf 85' lang='lat' dir='ltr'>Dei</span> <span class='ocrx_word' id='word_1_230' title='bbox 97 2645 256 2699; x_wconf 83' lang='lat' dir='ltr'>revelantis.</span> <span class='ocrx_word' id='word_1_231' title='bbox 438 2647 442 2654; x_wconf 85' lang='lat'>&#39;</span> <span class='ocrx_word' id='word_1_232' title='bbox 510 2661 513 2670; x_wconf 81' lang='grc'>’</span> 
     </span>
    </p>

    <p class='ocr_par' dir='ltr' id='par_1_8' title="bbox 38 2719 1013 3278">
     <span class='ocr_line' id='line_1_32' title="bbox 81 2719 1013 2795; baseline 0.003 -18"><span class='ocrx_word' id='word_1_233' title='bbox 81 2719 156 2786; x_wconf 86' lang='lat' dir='ltr'>Quod</span> <span class='ocrx_word' id='word_1_234' title='bbox 177 2727 312 2795; x_wconf 79' lang='lat' dir='ltr'>quamvis</span> <span class='ocrx_word' id='word_1_235' title='bbox 334 2739 433 2778; x_wconf 88' lang='lat' dir='ltr'>verum</span> <span class='ocrx_word' id='word_1_236' title='bbox 454 2725 507 2791; x_wconf 86' lang='lat' dir='ltr'>sit,</span> <span class='ocrx_word' id='word_1_237' title='bbox 529 2724 808 2794; x_wconf 82' lang='lat' dir='ltr'>probabilistanren</span> <span class='ocrx_word' id='word_1_238' title='bbox 831 2733 873 2778; x_wconf 87' lang='lat' dir='ltr'>est</span> <span class='ocrx_word' id='word_1_239' title='bbox 890 2725 1013 2780; x_wconf 85' lang='lat' dir='ltr'>illorum·</span> 
     </span>
     <span class='ocr_line' id='line_1_33' title="bbox 38 2801 1010 2874; baseline 0.011 -26"><span class='ocrx_word' id='word_1_240' title='bbox 38 2804 169 2874; x_wconf 85' lang='lat' dir='ltr'>sententia,</span> <span class='ocrx_word' id='word_1_241' title='bbox 192 2804 244 2874; x_wconf 86' lang='lat' dir='ltr'>qui</span> <span class='ocrx_word' id='word_1_242' title='bbox 266 2805 448 2874; x_wconf 79' lang='lat' dir='ltr'>existiment,</span> <span class='ocrx_word' id='word_1_243' title='bbox 470 2801 573 2860; x_wconf 79' lang='lat' dir='ltr'>Fidem</span> <span class='ocrx_word' id='word_1_244' title='bbox 593 2817 678 2872; x_wconf 88' lang='lat' dir='ltr'>possa</span> <span class='ocrx_word' id='word_1_245' title='bbox 700 2803 856 2860; x_wconf 85' lang='lat' dir='ltr'>subsistere</span> <span class='ocrx_word' id='word_1_246' title='bbox 869 2805 1010 2860; x_wconf 75' lang='lat' dir='ltr'>cumeri-</span> 
     </span>
     <span class='ocr_line' id='line_1_34' title="bbox 39 2869 1009 2954; baseline 0.012 -27"><span class='ocrx_word' id='word_1_247' title='bbox 39 2869 115 2933; x_wconf 80' lang='lat' dir='ltr'>lentla</span> <span class='ocrx_word' id='word_1_248' title='bbox 133 2897 169 2937; x_wconf 83' lang='lat' dir='ltr'>ex</span> <span class='ocrx_word' id='word_1_249' title='bbox 190 2890 273 2953; x_wconf 86' lang='lat' dir='ltr'>parte</span> <span class='ocrx_word' id='word_1_250' title='bbox 288 2885 342 2938; x_wconf 89' lang='lat' dir='ltr'>Dei</span> <span class='ocrx_word' id='word_1_251' title='bbox 363 2883 528 2938; x_wconf 82' lang='lat' dir='ltr'>revelantis.</span> <span class='ocrx_word' id='word_1_252' title='bbox 561 2883 620 2938; x_wconf 86' lang='lat' dir='ltr'>Sed</span> <span class='ocrx_word' id='word_1_253' title='bbox 640 2884 752 2954; x_wconf 85' lang='lat' dir='ltr'>semper</span> <span class='ocrx_word' id='word_1_254' title='bbox 771 2893 870 2939; x_wconf 82' lang='lat' dir='ltr'>rerum</span> <span class='ocrx_word' id='word_1_255' title='bbox 891 2893 942 2951; x_wconf 77' lang='lat' dir='ltr'>est,</span> <span class='ocrx_word' id='word_1_256' title='bbox 964 2884 1009 2940; x_wconf 67' lang='lat' dir='ltr'>lii·</span> 
     </span>
     <span class='ocr_line' id='line_1_35' title="bbox 40 2949 1009 3036; baseline 0.009 -26"><span class='ocrx_word' id='word_1_257' title='bbox 40 2949 87 3010; x_wconf 68' lang='lat' dir='ltr'>ltu</span> <span class='ocrx_word' id='word_1_258' title='bbox 105 2977 165 3017; x_wconf 89' lang='lat' dir='ltr'>cum</span> <span class='ocrx_word' id='word_1_259' title='bbox 186 2963 241 3017; x_wconf 87' lang='lat' dir='ltr'>tali</span> <span class='ocrx_word' id='word_1_260' title='bbox 262 2963 411 3018; x_wconf 84' lang='lat' dir='ltr'>evidentia</span> <span class='ocrx_word' id='word_1_261' title='bbox 430 2963 491 3018; x_wconf 86' lang='lat' dir='ltr'>iore</span> <span class='ocrx_word' id='word_1_262' title='bbox 510 2964 542 3016; x_wconf 89' lang='lat' dir='ltr'>in</span> <span class='ocrx_word' id='word_1_263' title='bbox 564 2963 675 3017; x_wconf 87' lang='lat' dir='ltr'>ratione</span> <span class='ocrx_word' id='word_1_264' title='bbox 692 2963 782 3017; x_wconf 84' lang='lat' dir='ltr'>Fidei·</span> <span class='ocrx_word' id='word_1_265' title='bbox 797 2963 889 3036; x_wconf 80' lang='lat' dir='ltr'>longo</span> <span class='ocrx_word' id='word_1_266' title='bbox 903 2967 1009 3036; x_wconf 83' lang='lat' dir='ltr'>imper·</span> 
     </span>
     <span class='ocr_line' id='line_1_36' title="bbox 40 3030 1011 3116; baseline 0.009 -27"><span class='ocrx_word' id='word_1_267' title='bbox 40 3030 160 3096; x_wconf 77' lang='lat' dir='ltr'>tutiorem</span> <span class='ocrx_word' id='word_1_268' title='bbox 187 3043 259 3108; x_wconf 91' lang='lat' dir='ltr'>illa,</span> <span class='ocrx_word' id='word_1_269' title='bbox 287 3044 318 3098; x_wconf 89' lang='lat' dir='ltr'>in</span> <span class='ocrx_word' id='word_1_270' title='bbox 347 3041 435 3113; x_wconf 42' lang='lat' dir='ltr'>cujus*</span> <span class='ocrx_word' id='word_1_271' title='bbox 455 3057 572 3096; x_wconf 86' lang='lat' dir='ltr'>assensu</span> <span class='ocrx_word' id='word_1_272' title='bbox 593 3040 676 3097; x_wconf 88' lang='lat' dir='ltr'>nulla</span> <span class='ocrx_word' id='word_1_273' title='bbox 696 3057 813 3113; x_wconf 86' lang='lat' dir='ltr'>prorsus</span> <span class='ocrx_word' id='word_1_274' title='bbox 833 3045 1011 3116; x_wconf 82' lang='lat' dir='ltr'>reperiretur</span> 
     </span>
     <span class='ocr_line' id='line_1_37' title="bbox 39 3113 1012 3192; baseline 0.013 -26"><span class='ocrx_word' id='word_1_275' title='bbox 39 3113 176 3191; x_wconf 79' lang='lat' dir='ltr'>evidentia,</span> <span class='ocrx_word' id='word_1_276' title='bbox 205 3123 264 3176; x_wconf 89' lang='lat' dir='ltr'>imo</span> <span class='ocrx_word' id='word_1_277' title='bbox 292 3123 419 3177; x_wconf 80' lang='lat' dir='ltr'>maxima</span> <span class='ocrx_word' id='word_1_278' title='bbox 447 3122 608 3176; x_wconf 85' lang='lat' dir='ltr'>obscuritas</span> <span class='ocrx_word' id='word_1_279' title='bbox 630 3130 687 3176; x_wconf 88' lang='lat' dir='ltr'>tam</span> <span class='ocrx_word' id='word_1_280' title='bbox 708 3131 847 3192; x_wconf 86' lang='lat' dir='ltr'>exparte</span> <span class='ocrx_word' id='word_1_281' title='bbox 868 3125 1012 3179; x_wconf 77' lang='lat' dir='ltr'>reitere-</span> 
     </span>
     <span class='ocr_line' id='line_1_38' title="bbox 42 3187 692 3278; baseline 0.006 -27"><span class='ocrx_word' id='word_1_282' title='bbox 42 3187 111 3266; x_wconf 73' lang='lat' dir='ltr'>htue,</span> <span class='ocrx_word' id='word_1_283' title='bbox 131 3216 215 3272; x_wconf 89' lang='lat' dir='ltr'>quarn</span> <span class='ocrx_word' id='word_1_284' title='bbox 237 3209 375 3274; x_wconf 87' lang='lat' dir='ltr'>exparte</span> <span class='ocrx_word' id='word_1_285' title='bbox 397 3201 451 3256; x_wconf 89' lang='lat' dir='ltr'>Del</span> <span class='ocrx_word' id='word_1_286' title='bbox 472 3202 636 3256; x_wconf 80' lang='lat' dir='ltr'>revelantis.</span> <span class='ocrx_word' id='word_1_287' title='bbox 664 3213 665 3220; x_wconf 55' lang='lat'>¹</span> <span class='ocrx_word' id='word_1_288' title='bbox 690 3273 692 3278; x_wconf 67' lang='lat'>,</span> 
     </span>
    </p>

    <p class='ocr_par' dir='ltr' id='par_1_9' title="bbox 85 3275 901 3352">
     <span class='ocr_line' id='line_1_39' title="bbox 85 3275 901 3352; baseline 0.007 -23"><span class='ocrx_word' id='word_1_289' title='bbox 85 3275 107 3329; x_wconf 82' lang='grc'>3.</span> <span class='ocrx_word' id='word_1_290' title='bbox 145 3281 189 3334; x_wconf 80' lang='lat' dir='ltr'>Ea</span> <span class='ocrx_word' id='word_1_291' title='bbox 211 3277 297 3336; x_wconf 91' lang='lat' dir='ltr'>dictis</span> <span class='ocrx_word' id='word_1_292' title='bbox 319 3282 430 3350; x_wconf 82' lang='lat' dir='ltr'>aliquot</span> <span class='ocrx_word' id='word_1_293' title='bbox 451 3282 628 3335; x_wconf 81' lang='lat' dir='ltr'>consectaria</span> <span class='ocrx_word' id='word_1_294' title='bbox 650 3281 750 3352; x_wconf 85' lang='lat' dir='ltr'>colligl</span> <span class='ocrx_word' id='word_1_295' title='bbox 771 3289 901 3352; x_wconf 77' lang='lat' dir='ltr'>poscunt.</span> 
     </span>
    </p>

    <p class='ocr_par' dir='ltr' id='par_1_10' title="bbox 43 3354 1020 3670">
     <span class='ocr_line' id='line_1_40' title="bbox 86 3354 1010 3433; baseline 0.001 -21"><span class='ocrx_word' id='word_1_296' title='bbox 86 3354 205 3414; x_wconf 86' lang='lat' dir='ltr'>Primum</span> <span class='ocrx_word' id='word_1_297' title='bbox 227 3367 285 3430; x_wconf 87' lang='lat' dir='ltr'>eat,</span> <span class='ocrx_word' id='word_1_298' title='bbox 308 3359 453 3432; x_wconf 86' lang='lat' dir='ltr'>objectum</span> <span class='ocrx_word' id='word_1_299' title='bbox 467 3360 558 3416; x_wconf 80' lang='lat' dir='ltr'>&#39;Fidei</span> <span class='ocrx_word' id='word_1_300' title='bbox 572 3377 630 3414; x_wconf 93' lang='lat' dir='ltr'>non</span> <span class='ocrx_word' id='word_1_301' title='bbox 644 3375 728 3430; x_wconf 86' lang='lat' dir='ltr'>posse</span> <span class='ocrx_word' id='word_1_302' title='bbox 743 3363 860 3431; x_wconf 88' lang='lat' dir='ltr'>proprie</span> <span class='ocrx_word' id='word_1_303' title='bbox 875 3359 1010 3433; x_wconf 81' lang='lat' dir='ltr'>cognosci</span> 
     </span>
     <span class='ocr_line' id='line_1_41' title="bbox 43 3433 1020 3513; baseline 0.014 -34"><span class='ocrx_word' id='word_1_304' title='bbox 43 3433 157 3494; x_wconf 85' lang='lat' dir='ltr'>sensibus.</span> <span class='ocrx_word' id='word_1_305' title='bbox 189 3439 275 3494; x_wconf 87' lang='lat' dir='ltr'>Unde</span> <span class='ocrx_word' id='word_1_306' title='bbox 297 3442 325 3495; x_wconf 78' lang='lat' dir='ltr'>S.</span> <span class='ocrx_word' id='word_1_307' title='bbox 341 3438 423 3511; x_wconf 80' lang='lat' dir='ltr'>Greg.</span> <span class='ocrx_word' id='word_1_308' title='bbox 446 3440 522 3494; x_wconf 85' lang='lat' dir='ltr'>honr.</span> <span class='ocrx_word' id='word_1_309' title='bbox 539 3439 585 3494; x_wconf 81' lang='lat'>26.</span> <span class='ocrx_word' id='word_1_310' title='bbox 607 3441 639 3493; x_wconf 91' lang='lat' dir='ltr'>iu</span> <span class='ocrx_word' id='word_1_311' title='bbox 659 3439 829 3513; x_wconf 67' lang='lat' dir='ltr'>Evangelia,</span> <span class='ocrx_word' id='word_1_312' title='bbox 850 3441 939 3504; x_wconf 67' lang='lat' dir='ltr'>hides,</span> <span class='ocrx_word' id='word_1_313' title='bbox 966 3440 1020 3493; x_wconf 86' lang='lat' dir='ltr'>in·-</span> 
     </span>
     <span class='ocr_line' id='line_1_42' title="bbox 44 3511 1019 3590; baseline -0.006 -15"><span class='ocrx_word' id='word_1_314' title='bbox 44 3511 102 3582; x_wconf 73' lang='lat' dir='ltr'>llit‚</span> <span class='ocrx_word' id='word_1_315' title='bbox 127 3519 230 3574; x_wconf 74' lang='lat' dir='ltr'>idoneos</span> <span class='ocrx_word' id='word_1_316' title='bbox 258 3537 346 3574; x_wconf 79' lang='lat' dir='ltr'>rerum</span> <span class='ocrx_word' id='word_1_317' title='bbox 374 3528 426 3583; x_wconf 82' lang='lat' dir='ltr'>eut,</span> <span class='ocrx_word' id='word_1_318' title='bbox 444 3532 525 3590; x_wconf 55' lang='lat' dir='ltr'>‘quoe</span> <span class='ocrx_word' id='word_1_319' title='bbox 552 3533 688 3588; x_wconf 73' lang='lat' dir='ltr'>apparere</span> <span class='ocrx_word' id='word_1_320' title='bbox 708 3537 761 3573; x_wconf 79' lang='lat' dir='ltr'>coc</span> <span class='ocrx_word' id='word_1_321' title='bbox 781 3527 913 3588; x_wconf 64' lang='lat' dir='ltr'>poaauutr</span> <span class='ocrx_word' id='word_1_322' title='bbox 941 3525 1019 3588; x_wconf 69' lang='lat' dir='ltr'>quoa*</span> 
     </span>
     <span class='ocr_line' id='line_1_43' title="bbox 45 3591 862 3670; baseline 0.005 -20"><span class='ocrx_word' id='word_1_323' title='bbox 45 3591 97 3644; x_wconf 66' lang='lat' dir='ltr'>‘litt</span> <span class='ocrx_word' id='word_1_324' title='bbox 113 3610 255 3669; x_wconf 77' lang='lat' dir='ltr'>appareat,</span> <span class='ocrx_word' id='word_1_325' title='bbox 272 3600 334 3670; x_wconf 80' lang='lat' dir='ltr'>jam</span> <span class='ocrx_word' id='word_1_326' title='bbox 354 3599 449 3658; x_wconf 76' lang='lat' dir='ltr'>Fidem</span> <span class='ocrx_word' id='word_1_327' title='bbox 468 3617 520 3666; x_wconf 79' lang='lat' dir='ltr'>noo</span> <span class='ocrx_word' id='word_1_328' title='bbox 542 3599 647 3653; x_wconf 61' lang='lat' dir='ltr'>tamna</span> <span class='ocrx_word' id='word_1_329' title='bbox 706 3610 731 3654; x_wconf 83' lang='grc'>“,</span> <span class='ocrx_word' id='word_1_330' title='bbox 858 3591 862 3599; x_wconf 67' lang='grc'><em>’</em></span> 
     </span>
    </p>
   </div>
   <div class='ocr_carea' id='block_1_3' title="bbox 0 0 1174 3880">
    <p class='ocr_par' dir='ltr' id='par_1_11' title="bbox 0 0 1174 3880">
     <span class='ocr_line' id='line_1_44' title="bbox 0 0 1174 3880; baseline 0 0"><span class='ocrx_word' id='word_1_331' title='bbox 0 0 1174 3880; x_wconf 95' lang='lat' dir='ltr'> </span> 
     </span>
    </p>
   </div>
  </div>
 </body>
</html>
