2324 3886
136 163 197 230 iti
573 179 611 221 or
625 177 690 223 oro.

200 298 360 353 Dicendum
376 297 403 352 2.
429 299 520 354 Deum
542 313 598 354 non
621 299 780 368 mqonliier
801 312 899 354 omnes
921 305 1071 354 creaturas
1096 295 1141 350 di-

141 382 239 512 hgeii·
252 459 366 512 Certum
390 469 432 512 eet
459 459 552 523 enim,
583 467 613 512 ιιι
634 457 717 512 ducet
739 460 766 511 S.
784 455 910 512 'ihomas
930 471 1019 525 supra
1041 464 1097 510 art.
1113 455 1140 510 4.

142 539 274 594 meliores
294 553 407 606 semper
432 538 522 610 magis
551 537 641 591 amari
669 535 783 601 aDno,
815 545 957 608 quotenus
983 535 1142 601 meliorem

141 633 175 672 ao
196 618 273 672 ιιιίιιι
295 617 429 672 meliores
450 625 534 685 suut,
556 629 613 686 quo
635 615 728 687 majus
748 615 857 672 bunum
878 615 1013 672 adivina
1036 615 1142 669 vulun-

139 706 197 754 ιιιι
225 698 390 766 accipiunt3
422 695 515 768 majus
543 703 637 750 autem
665 695 772 750 honuni
802 713 818 750 o
848 697 908 750 Deo
935 695 1071 764 accipere
1102 703 1142 748 est

141 779 232 848 magis
255 777 291 830 ab
313 793 345 832 eo
368 777 467 830 amari.
510 776 561 829 Est
581 785 675 828 autem
696 773 825 828 nutando
846 775 977 830 doctrina
990 775 1023 828 S.
1035 775 1143 830 Docto-

141 857 182 911 ris
202 857 235 910 in
256 857 444 925 responsione
465 855 502 909 ad
524 855 655 922 tertium,
676 854 730 910 ubi
747 854 845 922 ducet,
867 863 1141 924 praesumptuosum

144 951 215 1004 esse,
236 935 312 990 velle
335 934 565 1005 dijudicatum
587 935 695 1004 uliquis
717 942 880 988 sanctorum
902 936 940 988 sit
961 933 1055 988 altero
1078 949 1142 987 snu-

144 1016 478 1082 ctioretDeocari013
506 1029 572 1068 uam
601 1011 646 1085 (ut
672 1013 780 1068 dicitur
801 1013 936 1068 Proverb.
956 1012 1020 1083 io.)
1048 1013 1144 1082 Spiri-

144 1107 218 1148 tuum
233 1097 401 1164 ponderator
422 1103 462 1147 est
481 1095 621 1148 Domitius.

205 1175 286 1229 Sicut
307 1181 402 1228 autem
424 1189 518 1240 amer,
542 1174 584 1228 sic
608 1175 694 1228 etiam
716 1173 890 1228 carnariam
912 1171 949 1228 ob
971 1187 1095 1228 cansam
1116 1175 1145 1228 in

144 1255 247 1308 divina
267 1255 415 1308 voluntate
441 1255 583 1323 reperitur
611 1251 753 1319 odium,
782 1259 841 1306 tom
870 1258 1000 1321 respectu
1029 1254 1145 1321 peccati

146 1350 233 1404 quom
254 1335 430 1402 peccatoris,
453 1341 592 1403 quatenns
612 1338 748 1401 peccator
768 1339 818 1386 ιιι.
858 1333 922 1400 Sap.
940 1329 985 1386 ti.
1009 1330 1145 1386 Similiter

142 1415 205 1467 edio
225 1422 287 1467 sunt
307 1414 368 1466 Deo
388 1415 486 1484 impius
506 1421 531 1466 ci
552 1413 676 1482 impietae
697 1413 762 1481 ejus.
804 1411 842 1464 Et
868 1412 924 1466 hoc
949 1411 1021 1464 satis
1050 1412 1144 1466 mani-

144 1491 216 1548 iestc
237 1499 405 1550 constater
429 1508 478 1559 eo,
507 1492 587 1562 quod
607 1491 684 1546 Deus
713 1491 915 1560 peccatoribus
940 1490 1006 1544 vult
1034 1492 1146 1546 malurn

145 1569 294 1627 vindictae
320 1589 353 1626 ac
380 1588 490 1642 poenae
519 1580 659 1626 aeternae.
709 1571 760 1624 Est
788 1579 883 1624 autem
910 1571 1048 1639 proprius
1086 1569 1145 1624 odii

145 1658 241 1719 actus,
265 1653 341 1708 velle
363 1653 487 1718 malurn,
510 1652 585 1706 sicut
606 1653 728 1717 amoris,
752 1651 826 1705 velle
848 1649 964 1705 bonum.

207 1731 234 1786 3.
258 1731 418 1786 Dicendum
435 1730 462 1784 3.
485 1731 515 1784 iu
538 1731 598 1785 Deo
620 1746 680 1784 esse
698 1729 905 1799 justitiam.

206 1810 288 1864 Patet
317 1827 352 1864 ex
379 1811 539 1864 innumeris
559 1809 726 1880 scripturae
755 1809 835 1863 locis.
879 1810 924 1862 Ps.
942 1805 1008 1862 tta.
1031 1809 1146 1862 iustitio

147 1898 193 1942 tuo
222 1891 250 1941 in
278 1899 423 1944 aeteruum.
447 1887 450 1892 '
472 1889 554 1944 Rom.
573 1886 598 1944 i.
626 1889 739 1944 iustitia
760 1889 814 1942 Dei
841 1889 869 1941 in
898 1905 928 1942 eo
951 1888 1098 1942 revelatur
1118 1905 1147 1942 ca

146 1967 222 2021 Fide.
266 1969 337 2023 Cum
359 1978 453 2024 autem
476 1967 587 2040 duplex
607 1969 646 2023 ιιι
662 1968 791 2040 jostitia,
814 1983 916 2038 nempe
939 1971 1150 2023 commniniiva

148 2056 175 2101 et
197 2047 399 2103 distributiva:

207 2127 305 2194 Prior,
329 2145 402 2199 quae
424 2130 556 2184 consistit
575 2129 606 2180 in
629 2143 679 2193 eo,
701 2135 858 2182 nitentum
882 2126 1032 2194 reddatur,
1058 2143 1148 2198 quan·

111 2255 114 2259 .
144 2215 207 2262 ium
235 2215 383 2277 occeptum
412 2209 513 2274 tuerit,
541 2221 599 2261 non
627 2215 672 2260 ιιι
697 2207 815 2278 proprie
843 2207 875 2259 ιιι
900 2206 978 2272 Deo,
1007 2213 1042 2260 ui
1074 2215 1147 2262 reati

64 2280 66 2284 ⁴
146 2289 232 2341 ducet
247 2289 274 2344 S.
291 2287 417 2343 Thomas
440 2303 466 2358 q.
483 2286 530 2342 21.
547 2303 572 2342 a.
592 2286 617 2340 i.
635 2286 722 2356 juria
742 2285 821 2340 illud
842 2286 879 2340 ad
894 2285 975 2340 Rom.
994 2283 1041 2339 ti.
1086 2288 1149 2348 Quis

142 2370 224 2436 prior
245 2370 318 2422 dedit
339 2371 378 2433 ci,
402 2375 428 2421 et
448 2369 611 2421 retribuetur
631 2369 676 2419 eit
715 2365 797 2420 Nihil
822 2367 899 2420 enim
921 2381 938 2418 a
957 2364 1045 2419 uobis
1072 2367 1149 2420 Deus

147 2448 278 2516 recipere
300 2455 409 2516 potest,
432 2449 504 2516 quin
524 2448 606 2516 prius
625 2445 707 2500 iilud
725 2447 788 2515 ipse
802 2445 886 2500 uobis
902 2443 1025 2499 dederit.
1065 2445 1151 2502 Unde

147 2541 214 2580 cum
241 2531 369 2581 maxima
396 2527 506 2581 ratione
535 2525 700 2581 Concilium
723 2525 853 2579 Trident.
883 2540 950 2580 sees.
967 2523 995 2578 6.
1018 2539 1089 2595 cap.
1106 2525 1150 2582 iu

149 2608 191 2659 sic
219 2606 364 2676 loquitur:
394 2604 473 2658 Aiiu
499 2616 529 2658 ui
549 2605 722 2660 Christianus
742 2607 817 2660 domo
838 2607 868 2658 in
888 2621 916 2659 se
938 2605 997 2674 iptio
1019 2607 1067 2660 ael
1090 2623 1151 2660 cun·

138 2685 228 2755 fidat,
264 2687 308 2740 oei
329 2687 474 2754 piurietur,
505 2694 530 2739 et
559 2701 613 2738 nou
636 2686 764 2750 Domino,
803 2686 878 2754 cujus
907 2690 984 2740 taoiu
1013 2694 1056 2738 eet
1088 2702 1152 2755 erpo

149 2781 238 2820 omnes
259 2767 377 2820 hemines
397 2765 517 2829 bouitas,
540 2775 569 2818 ut
590 2781 680 2819 eorum
701 2767 764 2819 uelit
784 2781 841 2818 esse
861 2766 971 2823 merita.
994 2781 1071 2834 quae
1093 2773 1152 2820 suoi

152 2847 238 2912 ippias
259 2841 338 2900 danti
389 2865 390 2870 ¹

209 2925 354 2981 Posterior
375 2941 443 2979 vero
460 2925 593 2995 justitia,
624 2941 698 2998 quae
725 2925 858 2979 consistit
885 2925 916 2976 in
941 2921 1152 2980 distributione

58 3007 61 3012 “
151 3002 292 3058 bonorum
315 3006 509 3060 communium
526 3005 613 3078 juxta
633 3005 851 3074 proportionem
869 3003 1038 3060 meritorum
1055 3005 1151 3076 cnjus·

149 3097 221 3152 que,
250 3085 275 3136 si
304 3085 400 3138 stricte
428 3093 572 3153 sumatur,
601 3099 660 3139 non
687 3090 729 3138 est
757 3081 842 3138 eiiam
870 3083 989 3151 proprie
1017 3085 1053 3136 ιιι
1083 3085 1151 3150 Deo,

144 3163 219 3232 -quia
245 3163 360 3216 nullum
388 3172 534 3218 creaturae
550 3165 693 3219 ‘meritum
721 3164 819 3217 omnia
844 3162 898 3216 Dei
925 3159 1005 3216 dona
1032 3179 1150 3232 praece·

149 3237 218 3294 dero
245 3249 356 3310 potest3
386 3259 450 3297 cum
478 3259 562 3298 omno
590 3245 724 3298 meritum
753 3241 789 3296 ab
818 3242 917 3313 aliquo
945 3239 1080 3312 gratuito
1101 3242 1150 3298 Dei

150 3319 242 3384 douo,
264 3319 319 3374 hoc
341 3329 399 3387 est,
425 3322 462 3375 ab
483 3316 546 3394 ejus
567 3323 660 3394 gratia
680 3323 798 3376 initium
819 3327 929 3388 sumai,
955 3321 1151 3392 uisnpponi-

150 3411 214 3452 ιιιιιι
236 3414 272 3453 ex
293 3405 416 3454 tractatu
438 3399 474 3454 'de
496 3403 597 3472 gratio.
640 3401 753 3456 Deinde
779 3399 849 3470 quia
870 3400 946 3454 Deus
975 3415 1046 3470 erga
1078 3415 1154 3456 crea·

147 3483 226 3532 iuras
249 3477 361 3532 nullius
382 3478 426 3532 rei
447 3478 635 3542 debitorest.
678 3493 680 3499 ·

208 3556 304 3624 Quare
325 3557 422 3612 dicere
444 3555 598 3623 debemus,
616 3557 762 3626 justitiam
784 3559 814 3611 in
833 3559 894 3613 Dea
915 3559 1040 3629 reperiri
1064 3557 1154 3615 modo
