2316 3892
148 93 211 174 311
325 161 329 170 ,
502 113 785 172 namurcen

185 285 190 293 .
209 234 347 303 Quamvis
369 241 463 298 autern
484 233 663 304 speculative
679 233 739 290 lton
755 234 924 300 resumsit,
944 235 1085 304 sapienter
1098 231 1142 288 tu?

149 331 215 373 man
229 320 327 375 monet
339 313 495 386 Philippus
511 311 737 376 Gammachaeus
752 313 790 370 ad
803 315 963 384 praelatam
974 313 1131 384 quaestio.

150 395 298 455 moraliter
316 401 346 450 et
366 393 493 468 practice
514 392 663 464 loquendo
681 393 752 448 istas
773 393 968 462 praecisiones
990 399 1018 450 et
1036 393 1142 448 absus

150 473 263 536 stiones
282 488 341 538 non
363 489 424 532 esse
446 471 655 540 admittendas,
684 471 735 534 sed
763 471 911 529 Christum
936 481 1074 542 perpetuo
1093 471 1142 524 ud·¹

150 552 292 612 orandun
311 567 446 622 supremo
468 553 570 609 latriae
591 551 688 618 cultu,
717 565 783 614 oum
812 567 879 606 vere
908 559 935 608 ιι
960 569 980 606 a
1000 558 1079 622 parte
1097 551 1142 604 reir

66 683 69 690 ,
149 633 189 693 rit
207 647 321 704 semper
348 633 434 691 ιιοιιιο
455 631 548 698 Dens,
575 631 727 706 iramque
748 633 946 700 ιιιιιιιιοιιιιιι
972 647 1032 692 uon
1059 639 1142 686 metat

149 713 287 784 physice,
313 711 364 766 sed
384 712 534 766 moraliter
554 726 587 780 ac
608 710 769 782 theologice
790 726 851 766 esse
873 708 1069 778 tractandam,
1090 724 1133 762 nec

149 791 310 850 ludendum
339 792 371 849 ln
399 791 485 846 rebus
514 791 587 844 tanti
610 790 765 864 momenti,
794 806 830 844 ne
860 791 931 856 sorte
959 791 1072 847 occasio
1096 788 1142 852 vel

151 869 301 940 scandali,
330 869 378 924 vel
406 870 509 926 erroris
537 865 685 942 aliquibus
713 868 895 938 praebeatur.
937 866 1044 936 Adde,
1071 867 1142 938 quod

150 949 283 1006 Ecclesia
304 965 446 1020 nusquam
468 949 541 1003 solet
561 947 769 1004 humanitatem
780 949 894 1018 ¹Christi
915 949 971 1003 hoc
986 947 1071 1007 modo
1084 962 1142 1018 spe-2

151 1037 257 1086 cistam
277 1029 425 1100 venerari,
448 1028 498 1088 sed
519 1043 631 1101 semper
645 1035 781 1098 tanquam
797 1025 1028 1099 conjunctamct
1040 1027 1131 1081 unitan

151 1107 248 1164 Verbo
263 1107 365 1162 divino
381 1101 513 1162 adorare:
537 1101 614 1162 unde
630 1106 656 1162 8.
673 1105 849 1162 Athanasius
865 1116 935 1160 orat.
951 1117 1054 1162 contra
1066 1106 1132 1159 Aria·

152 1203 220 1246 nos:
243 1187 406 1264 Adoruturi,
430 1187 543 1266 inquit,
563 1205 617 1240 uou
637 1179 798 1258 seponimus
813 1185 927 1245 Verium
947 1205 966 1240 u
987 1203 1075 1240 cume.

336 1351 338 1358 ’
433 1399 875 1509 escoron.-

249 1527 448 1608 „Quonodo
476 1527 592 1588 amu
617 1543 640 1589 a
665 1527 765 1588 nohis
789 1527 922 1592 colendi
945 1529 1026 1589 stat

109 1707 113 1716 .
206 1657 236 1714 1.
280 1659 352 1730 Cum
380 1657 426 1729 (ut
454 1659 496 1712 sit
517 1657 544 1713 S.
561 1659 752 1730 Hieronymus
781 1675 825 1728 ep.
841 1659 889 1728 13.
920 1657 957 1713 ad
979 1654 1128 1730 Riparinm)

150 1739 234 1793 locor
247 1741 390 1794 ‘ternorum
403 1738 542 1792 'redundet
561 1741 599 1793 ad
620 1739 768 1802 domiuum,
792 1745 819 1793 et
837 1739 874 1796 ad
888 1738 1016 1810 gloriam
1031 1735 1125 1800 Christi,

150 1819 256 1896 summi
277 1821 365 1872 totius
386 1815 534 1872 Ecclesiae
562 1815 684 1888 capitis,
706 1819 858 1889 pertineat
885 1819 1035 1873 veneratio
1061 1831 1126 1870 nen-

142 1897 211 1953 vbris
239 1893 301 1970 ejus
329 1893 524 1953 nobiliorffiur
553 1897 701 1954 exhibita:
734 1890 800 1952 i'deo
828 1905 893 1968 post
920 1897 1126 1967 explicationem

150 1990 265 2044 eorum,
295 1991 368 2058 quae
389 1977 426 2032 ad
442 1975 635 2032 humanitatis
655 1975 756 2048 ipsius
772 1975 969 2040 adorationem
992 1975 1123 2048 pertinent

149 2057 293 2150 agendum
315 2065 357 2111 ιιι
378 2057 413 2111 de
435 2057 516 2114 cultu
536 2057 609 2133 ipsis
632 2057 744 2112 Sanctis
767 2055 875 2112 debito.
970 2057 1011 2132 li,

210 2161 373 2222 Dicendum
387 2163 476 2235 rgrtnr
493 2161 520 2218 1
540 2161 655 2221 sancus
676 2171 734 2220 tarn
755 2147 894 2234 Angelis,
917 2177 1008 2234 quam
1025 2156 1122 2216 hornini-

149 2243 221 2312 bus,
244 2249 361 2301 aeterna
380 2243 504 2314 glorie
494 2258 526 2296 ιιι
542 2241 622 2298 ιοι1ιι
629 2243 867 2312 perfruentibus,
890 2241 1003 2299 cultum
1021 2241 1122 2329 aliquan

151 2338 264 2393 sacroru
285 2329 313 2379 et
331 2321 500 2394 religiosum
514 2336 579 2380 esse
590 2321 785 2387 reddendum
809 2322 894 2393 longe
916 2321 1036 2396 quidem
1054 2318 1124 2372 mine

149 2417 209 2466 reru
230 2417 280 2468 eo,
303 2402 362 2482 qui
383 2401 443 2458 Deo
465 2401 601 2478 ᾱιὶιιιιιιι
630 2401 682 2456 sed
708 2409 807 2459 tannen
831 2401 969 2472 majorem
985 2395 1122 2460 colonitio

152 2479 237 2546 civili
258 2488 286 2536 et
303 2475 445 2553 politico,
474 2481 525 2552 qui
545 2479 713 2544 hominibus
735 2487 974 2554 quanueounque
998 2473 1123 2552 dignitatis

149 2561 182 2617 in
202 2561 257 2618 hac
277 2559 339 2618 vita
361 2560 514 2625 defertur.

210 2663 394 2720 Probaturl.
417 2681 453 2719 ex
474 2624 631 2736 Scriptura.
675 2665 777 2720 Genes.
799 2664 838 2720 itt
861 2671 890 2719 et
904 2614 956 2718 lo.
980 2665 1033 2720 ubi
1052 2660 1121 2716 atu

149 2746 217 2814 ham
239 2752 266 2806 ιι
286 2745 361 2803 Lotis
383 2743 522 2801 dicuutur
540 2744 661 2818 Angelis
687 2743 745 2800 sibi
774 2744 983 2816 apparentibus
1010 2745 1120 2799 honorem

151 2825 279 2902 aliquem
300 2825 476 2904 singularem
498 2832 525 2880 et
541 2825 713 2896 religiosum
739 2821 887 2880 detulisse.
928 2820 1026 2878 Idem
1038 2820 1120 2876 dicitur

151 2903 186 2960 de
200 2903 289 2972 Josue
303 2921 365 2976 cap.
382 2907 409 2962 5.
432 2901 510 2962 etde
525 2903 609 2977 Patre
624 2919 657 2960 ac
672 2903 763 2970 Matre
777 2903 924 2979 samsonis
941 2903 1074 2972 ludica
1089 2895 1119 2950 13

16 3019 17 3024 ’
115 3061 116 3064 ,
209 3006 397 3064 Probatur2
413 3025 448 3064 ex
466 3010 515 3065 SS
516 3008 680 3076 Patribus,
702 3011 755 3078 qui
775 3007 808 3062 id
829 3008 1005 3063 unanimiter
1025 3007 1119 3062 doeens

149 3095 182 3142 ut
210 3087 363 3159 Gregorius
384 3089 532 3159 Nyssenus
561 3096 631 3142 orat
661 3090 692 3142 iu
715 3089 742 3143 S
759 3087 943 3145 Theodorum
972 3094 1119 3155 martyrem:

154 3168 205 3224 Oui
225 3184 332 3236 sepum,
360 3169 479 3248 inquit,
503 3169 566 3224 tulis
592 3169 675 3222 locor
685 3169 827 3248 dudm?
869 3167 934 3232 Quia
962 3185 994 3222 eu
1021 3169 1063 3228 iia,
1085 3158 1119 3230 qut'

150 3263 235 3316 surpra
251 3243 360 3300 modum
381 3249 588 3304 interlocutus
610 3249 745 3311 excellere
758 3239 810 3306 ulei
835 3256 912 3312 aaut,
939 3249 991 3304 tati
1017 3239 1118 3300 mouerit

151 3327 322 3381 celebratur?
363 3317 427 3386 Quia
447 3321 642 3398 imperatorum
662 3329 731 3384 odeo
760 3329 918 3398 louorutue,
948 3337 976 3380 ut
1003 3328 1041 3380 aie
1062 3319 1117 3374 milti

135 3407 274 3472 pauper!
300 3413 348 3458 etc
374 3403 426 3458 Et
453 3407 483 3460 S.
500 3407 691 3462 Damascenus
717 3407 771 3463 lib
787 3408 815 3462 4.
844 3407 880 3470 de
900 3405 986 3474 Fide,
1014 3418 1067 3472 cap
1082 3395 1114 3452 16

148 3481 193 3533 Au
220 3499 273 3534 uon
301 3482 465 3546 honorandi,
501 3486 548 3552 qui
578 3487 657 3538 totius
689 3487 798 3542 tumeas·
823 3488 931 3556 quaeris
953 3495 1075 3556 patranti
1094 3490 1114 3528 ³⁶
