2332 3880
130 103 172 175 32
564 121 689 166 narina.

132 260 149 303 a
170 241 353 313 septuaginta
372 239 581 310 interpretibus
602 241 631 294 in
654 241 789 310 Aegypto
804 247 945 309 rtempore
966 239 1132 295 Ptolomaei

131 320 322 390 Philadelphi
349 321 425 374 iacta
452 326 510 386 est,
539 319 675 376 omuibus
696 319 763 374 aliis
786 317 903 374 Graecis
923 319 1027 374 merito
1049 327 1132 372 arrie-

131 399 268 472 ponenda
295 405 435 454 censetur.
479 399 553 466 Quia
573 406 668 454 tamen
690 398 776 454 etiam
797 399 880 452 illam
902 398 1035 452 vitiatam
1065 413 1131 452 ease

131 489 159 538 et
180 485 343 548 corruptam
364 479 463 534 multis
484 479 516 532 in
540 478 614 534 loeis
641 485 769 544 constat,
797 484 830 532 ut
850 483 968 532 testatur
990 478 1016 531 S.
1035 477 1131 532 Justi·

130 575 184 616 nus
206 559 318 628 Martyr
344 558 377 612 in
405 557 522 628 dialogo
551 573 615 612 eum
644 557 809 627 Triplsone,
838 563 867 614 et
888 557 914 610 S.
931 555 1131 626 Hieronymus

131 639 311 710 praefatione
333 637 364 692 in
386 635 478 690 libros
500 637 742 706 Paralipomenon
764 637 842 690 etin
865 635 985 690 Esdram
1040 663 1043 668 ·

190 719 217 774 3.
247 715 346 771 Restm
366 715 456 770 editio
478 717 597 783 Latina,
620 731 694 786 quae
716 714 834 786 quidem
848 715 995 770 multoties
1010 722 1038 769 et
1053 715 1131 769 mul·

32 809 34 814 '
130 798 272 868 tipliciter
293 795 379 854 etiam
401 796 477 850 iacta
496 803 556 858 est,
577 797 619 850 ita
640 803 671 850 ut
687 803 753 850 ante
766 801 897 864 tempora
911 795 940 848 s.
956 793 1131 863 Hieronymi
1161 815 1162 828 ι

129 874 358 936 innumerabiles
378 889 470 944 prope
491 874 686 943 reperirentur
705 876 850 929 versiones
872 881 899 928 ct
913 872 1056 928 editiones
1071 874 1131 927 La·
1159 893 1162 904 ι

131 958 225 1023 tinae,
255 962 285 1009 ut
313 959 432 1010 testetur
461 954 685 1024 §.Augustinus
712 953 765 1008 lib.
781 952 809 1007 2.
832 953 867 1008 de
890 953 1029 1007 Doctrina
1047 951 1130 1006 cirri-
1160 973 1163 1006 η

129 1037 224 1092 stiaua
251 1048 314 1102 cap.
338 1032 384 1086 ii.
426 1033 534 1089 Veram
562 1047 621 1088 uua
641 1033 696 1091 tuit
723 1035 798 1088 inter
818 1048 916 1086 ornnes
936 1031 1021 1098 illas,
1051 1045 1129 1100 quae
1161 1055 1163 1088 t

129 1114 286 1186 specialem
315 1126 429 1182 semper
448 1112 480 1166 in
501 1111 634 1166 Ecclesia
654 1111 856 1166 authoritatem
877 1112 1019 1177 obtinuit,
1050 1125 1129 1180 quae

129 1201 212 1250 vetus
235 1200 262 1246 et
282 1191 402 1258 vulgata
421 1191 511 1246 editio
534 1189 698 1258 dicebatur,
721 1199 753 1246 ut
767 1199 879 1246 constat
894 1207 930 1245 ex
945 1191 971 1244 S.
986 1187 1129 1260 Gregorio
1159 1217 1163 1246 r

128 1272 307 1344 praefatione
336 1269 447 1324 in'lib.
464 1269 636 1338 Moralium,
666 1285 727 1340 cap.
745 1273 771 1326 5.
798 1279 826 1325 et
847 1287 883 1326 cx
905 1271 931 1325 S.
948 1270 1128 1339 Hieronymo
1161 1299 1164 1330 ι

128 1353 163 1408 in
190 1365 253 1420 cap.
278 1349 314 1404 ta
341 1356 369 1404 et
389 1349 436 1404 tit.
465 1349 574 1416 Isaiac3
603 1365 689 1420 quarn
718 1351 804 1404 etiam
827 1350 854 1404 S.
870 1349 1050 1419 Augustinus
1071 1348 1127 1402 lib.

129 1432 233 1498 citato,
256 1443 319 1498 cap.
336 1427 382 1484 io.
425 1428 527 1482 Italam
549 1436 648 1496 vocat,
670 1435 699 1484 et
719 1429 853 1484 omnibus
874 1429 943 1483 aliia
964 1429 1125 1497 anteponit.
1163 1469 1164 1476 ,

128 1507 213 1564 ‘Est
239 1515 333 1565 autem
363 1507 521 1562 difficultas
548 1509 624 1562 inter
653 1508 804 1576 Doctores,
833 1524 870 1562 an
899 1505 990 1564 editio
1019 1509 1128 1561 Latina

128 1590 263 1660 vulgata,
285 1601 358 1658 quse
379 1601 457 1642 nunc
478 1588 584 1644 inuau
605 1594 647 1642 est
668 1587 745 1656 apud
760 1587 940 1653 catholicos,
964 1587 1001 1640 sit
1022 1585 1125 1642 eadem
1162 1621 1165 1652 ι

128 1683 193 1724 cum
215 1668 270 1722 illa
291 1665 419 1722 editione
441 1669 548 1732 veteri,
571 1683 607 1720 an
629 1682 698 1722 vero
719 1667 834 1722 diversa
851 1667 888 1722 ab
903 1667 965 1720 illa.
998 1665 1125 1732 Quidam

128 1745 306 1804 contendunt
334 1761 395 1800 esse
424 1745 582 1813 diversam,
619 1755 823 1817 asserantque,
859 1746 1015 1800 editionem
1048 1744 1126 1798 hanc
1155 1791 1165 1808 „

93 1845 97 1850 ·
128 1836 255 1884 nostram
276 1825 424 1895 vulgatam
446 1840 507 1880 esse
533 1826 561 1879 S.
578 1825 764 1895 Hieronymi3
793 1825 846 1880 alii
875 1832 974 1880 contra
1001 1823 1125 1880 eandem
1158 1875 1165 1892 ,,

127 1921 194 1962 esso
210 1904 312 1961 velunt
333 1917 398 1960 curn
418 1905 473 1958 illa
494 1907 586 1960 veteri
600 1905 751 1975 solumque
766 1921 783 1959 a
798 1905 825 1959 S.
842 1905 1018 1974 Hieronymo
1034 1904 1126 1958 luisse

127 1984 324 2050 emendatam
354 1983 406 2037 alii
434 1984 561 2054 denique
590 1982 682 2055 (quod
702 1983 887 2054 probabilius
908 1983 1124 2054 existimamus)

127 2071 263 2135 oensem,
284 2064 432 2134 vulgatam
453 2065 529 2118 hanc
549 2069 676 2120 nostram
698 2063 855 2120 editionem
875 2064 996 2118 mixtam
1010 2077 1074 2116 esse
1089 2077 1125 2117 ex
1160 2085 1164 2136 3

125 2152 263 2214 utraque,
293 2151 320 2198 et
346 2143 453 2212 partim
474 2141 597 2198 eandem
621 2157 682 2198 esse
703 2158 767 2198 oum
790 2144 896 2210 veteri,
925 2143 1031 2212 partim
1053 2156 1124 2196 vero
1156 2205 1160 2213 ,

124 2239 190 2280 ease
203 2239 240 2278 ex
253 2222 441 2278 translatione
456 2223 483 2276 S.
493 2222 672 2292 Hieronymi.
696 2221 780 2290 Quod
795 2225 884 2278 etiam·
897 2221 998 2276 usserit
1012 2221 1125 2276 Bellar-
1155 2261 1160 2290 e

124 2304 222 2360 minus
243 2317 306 2371 sup.
329 2301 432 2372 capii.
456 2301 507 2356 ubi
529 2301 628 2369 docet,
651 2317 758 2358 novum
782 2302 996 2358 Testamentum
1018 2300 1124 2355 editio·

124 2384 171 2439 nis
199 2388 314 2436 nostrae
340 2381 474 2452 vulgatae
502 2397 562 2436 esse
590 2397 627 2435 ex
652 2382 773 2452 antiqua
792 2382 848 2436 illa
868 2381 1012 2447 editione,
1035 2395 1123 2451 quam
1156 2417 1161 2454 3

126 2463 153 2517 S.
170 2459 363 2531 Hieronymus
385 2459 566 2528 emendavit3
596 2461 731 2516 similiter
759 2467 787 2514 et
807 2461 979 2518 Pssltcrium
1001 2453 1124 2514 Davidi-
1157 2499 1165 2532 ι,

125 2557 190 2598 curn
219 2540 256 2595 ab
285 2539 385 2595 eodem
413 2541 500 2594 etism
521 2537 720 2612 emendatum,
750 2555 803 2595 nec
830 2557 887 2597 non
909 2547 936 2596 ct
958 2538 1050 2594 libros
1074 2540 1123 2593 Sa·

123 2620 268 2692 pientiae,
298 2618 497 2674 Ecclesiastioi
525 2625 554 2672 et
580 2617 837 2688 Machabaeorum3
870 2621 997 2690 reliquos
1026 2625 1122 2674 autern
1158 2651 1164 2678 ,ι

125 2699 291 2770 scripturae
311 2697 403 2754 libros
425 2703 539 2755 nostrae
559 2697 696 2753 editionis
718 2714 779 2754 esse
793 2715 829 2756 ex
845 2701 977 2755 versione
991 2697 1122 2770 ejusdem
1164 2755 1165 2760 ,

124 2780 151 2834 S.
167 2779 348 2848 Hieronymi.
984 2789 986 2794 ·

183 2857 272 2912 Porro
302 2856 434 2927 quisquis
458 2853 595 2911 editionis
616 2856 706 2928 hujus
725 2865 838 2914 nostrae
860 2859 995 2930 vulgatae
1016 2858 1121 2933 author
1162 2851 1165 2924 j

123 2938 176 3005 sit,
206 2943 313 2992 certum
336 2944 400 3003 eat,
422 2935 506 2990 illam
533 2935 569 2990 ab
591 2935 722 2992 Ecclesia
743 2938 881 2992 universa
902 2945 1065 3007 receptam,
1093 2943 1120 2992 et
1159 2929 1166 3007 J

119 3016 277 3073 novissime
304 3012 335 3068 in
359 3015 492 3070 Concilio
515 3013 689 3072 Tridentino
718 3017 913 3072 authenticam
939 3031 1000 3070 esse
1023 3015 1119 3072 decla·

119 3104 227 3162 ratam3
249 3093 430 3164 proindeque
451 3095 482 3148 in
503 3095 557 3148 illa
577 3111 677 3150 verum
698 3103 727 3150 et
745 3097 907 3166 legitimum
922 3097 977 3150 Dei
996 3096 1118 3152 verbum
1154 3127 1156 3136 ,

120 3174 273 3232 contineri.
315 3171 400 3228 Unde
421 3174 568 3244 sequitur,
597 3175 695 3230 omnia
715 3181 744 3229 et
764 3177 895 3247 singula,
923 3176 1049 3246 quaein
1073 3191 1118 3230 ca·
1155 3217 1156 3226 ,

116 3253 230 3310 nonicia
260 3267 357 3308 sacrae
380 3253 545 3323 scripturae
571 3249 658 3309 libris
687 3254 846 3310 secundum
866 3255 950 3309 illam
972 3255 1116 3310 authenti·
1155 3244 1160 3330 ,¹

118 3349 181 3390 cam
203 3331 359 3388 editionem
381 3334 581 3400 eontinentur,
602 3333 749 3403 pertinere
770 3334 807 3388 ad
828 3333 908 3390 Fidei
931 3334 1051 3390 divinae
1066 3335 1115 3390 ob·
1160 3386 1162 3393 .

113 3413 241 3485 jectum,
264 3420 291 3468 et
312 3419 448 3483 tanquam
471 3411 613 3467 divinitus
634 3413 763 3468 revelata
782 3421 810 3468 ei
825 3420 958 3468 attestata
972 3413 1009 3468 ab
1023 3415 1115 3468 omni-
1158 3463 1160 3471 ,

113 3491 169 3546 bus
191 3505 252 3546 esse
274 3491 445 3562 recipienda
466 3499 494 3546 et
515 3491 668 3548 credenda.
1159 3488 1162 3498 '
