2314 3888
410 301 811 400 vttttttwtttttii

303 587 364 710 (i.
398 477 676 816 «ΙΟΒΕῙΞΣΗ
710 593 932 715 ΜΑΝΖ

501 870 735 942 tramittit.

574 1013 680 1031 -ο--ι-ο-

124 1121 272 1176 flant·
289 1121 475 1178 (tia-erto
492 1122 526 1178 0.
548 1124 576 1176 S.
598 1125 640 1192 B„
657 1123 927 1180 amissionum
944 1125 1115 1196 spirituale

158 1207 218 1246 cum
245 1193 385 1246 directorio
409 1196 532 1250 horarum
558 1197 744 1248 canonicarum
766 1201 794 1246 ot
812 1195 926 1248 termula
945 1199 1073 1248 credonis
1094 1206 1118 1249 et

157 1249 346 1316 meditationis.
377 1266 494 1318 Auctore
507 1263 538 1316 L.
549 1263 645 1317 Bardo.
670 1263 720 1317 Ed.
737 1279 816 1318 nova.
832 1263 909 1316 ·Cum
924 1265 1015 1332 elflgie
1029 1265 1057 1316 S.
1070 1267 1118 1319 Be·

160 1329 268 1386 nedicti.
304 1331 331 1388 8.
371 1333 425 1390 iil.
447 1334 530 1390 i2lrr.
550 1335 594 1386 od·
613 1333 662 1400 224
680 1351 733 1408 sgr.

125 1417 162 1476 fl·
187 1419 375 1488 Gregorii
399 1420 487 1488 Papae
501 1421 522 1473 I.
547 1418 631 1476 liber
653 1418 789 1490 ”gullo
806 1417 1000 1490 putonii&
1041 1422 1118 1475 Prae-

159 1492 258 1546 miaeae
277 1497 339 1541 sunt
356 1491 604 1544 dissertatiunculae
624 1499 690 1557 tres,
709 1507 746 1544 sc.
763 1491 796 1542 de
812 1507 862 1542 usu
877 1491 928 1542 SS.
943 1491 1068 1559 Petrum,
1087 1495 1117 1545 dc

159 1561 215 1612 vita
231 1559 258 1610 S.
274 1558 304 1610 P.
319 1558 355 1612 N.
375 1559 497 1626 Gregorii
512 1559 561 1625 Μ.,
581 1561 668 1626 deque
687 1561 754 1612 libro
772 1559 880 1624 regulae
893 1561 1054 1628 pastoralis,
1072 1563 1119 1614 lin-

159 1645 212 1754 ffia
223 1630 380 1754 hernicota
404 1633 580 1697 conscriptae.
616 1629 666 1682 Ed.
693 1631 848 1682 novissima·
884 1628 911 1684 Β.
951 1631 1005 1685 iil.
1035 1631 1068 1686 12
1080 1632 1118 1684 lrr.

197 1734 204 1750 .
261 1702 341 1764 ingr.

124 1783 165 1840 J.
189 1785 235 1840 Ρ.
262 1783 374 1853 cauny
399 1785 426 1838 S.
446 1785 473 1838 J.
499 1783 730 1858 compendium
754 1781 945 1853 theologias
971 1785 1117 1844 moralia

159 1855 249 1910 Editio
263 1857 288 1906 in
303 1853 448 1908 Germania
461 1853 495 1909 11.
516 1858 547 1908 ad
563 1859 654 1924 optim.
669 1857 732 1909 edit.
747 1857 827 1910 tidem
843 1864 963 1908 accurate
978 1860 1118 1924 impressa,

160 1927 293 1988 novicoue
320 1928 391 1978 ouria
417 1933 444 1978 et
467 1927 654 1980 additamentis
680 1941 742 1993 prae
767 1927 862 1978 ceteris
887 1933 973 1978 auem.
1011 1925 1038 1982 8.
1058 1929 1116 1994 maj.

160 1995 219 2052 211.
242 1995 274 2052 12
287 1995 328 2048 lrr.
344 1997 387 2048 od.
408 1997 416 2048 i
434 1995 510 2048 Thlr.
531 1997 562 2051 to
576 2013 629 2062 sgr.

125 2083 172 2138 r.
191 2081 243 2137 til.
262 2079 415 2150 notite,
444 2081 620 2140 methodus
646 2080 875 2140 contessionea
898 2081 1074 2150 emanatas
1092 2086 1116 2136 in

162 2169 236 2207 sacro
262 2155 439 2219 poenitentiae
459 2153 584 2208 tribunali
608 2151 757 2217 excipiendi
777 2155 852 2220 Juxta
871 2152 1020 2206 doctrinam
1038 2161 1063 2205 et
1079 2171 1116 2204 or-

161 2225 251 2276 dinem
271 2223 421 2288 theologiae
441 2224 550 2275 moralis
569 2221 598 2274 S.
615 2223 748 2290 Alphonsi
767 2221 798 2274 de
816 2220 935 2288 Ligario,
960 2225 989 2274 in
1010 2225 1113 2287 gratiam

163 2293 448 2346 neoconiessariorum.
480 2292 568 2346 Editio
588 2311 619 2346 ex
640 2293 673 2344 cl.
689 2293 804 2344 auctoris
820 2292 944 2344 mandato
962 2299 990 2344 et
1005 2295 1073 2345 euris
1087 2293 1112 2344 in

162 2361 306 2416 Germania
322 2358 343 2412 Ι.
376 2361 402 2416 8.
437 2359 686 2428 18k1·.od.6sgr.

127 2445 168 2501 J.
188 2443 513 2515 mensurationes,
534 2447 575 2504 dc
593 2445 780 2504 ootholioas
797 2445 962 2506 aeciam
980 2447 1111 2520 prirnor-

161 2512 234 2575 (llla.
261 2515 448 2569 Recentiorum
472 2522 673 2584 protestantium
695 2525 840 2584 systemata
859 2519 1050 2583 expenduntur
1067 2519 1114 2572 dis·

162 2588 305 2640 sertatione
323 2585 638 2656 historico-dogmatica,
665 2604 745 2655 quam
766 2588 921 2640 auctoritate
940 2595 967 2640 et
986 2603 1112 2642 consensu

162 2656 275 2708 illustris
301 2655 485 2722 theologorum
512 2658 614 2710 ordinis
639 2660 666 2709 in
685 2657 755 2710 alma
773 2657 948 2710 universitate
967 2656 1112 2710 Ludovica-

163 2723 364 2778 Maximilianea
386 2725 493 2792 legendi
518 2727 668 2781 facultatem
697 2729 744 2780 rite
773 2727 920 2791 adepturus
945 2728 1054 2793 publice
1075 2726 1113 2778 de·

122 2841 125 2856 .
162 2795 254 2852 tendit.
289 2791 315 2850 8.
330 2799 390 2864 maj.
427 2795 489 2862 geh.
528 2796 581 2852 til.
598 2797 649 2848 od.
671 2793 717 2862 18}
729 2812 784 2860 egr.

129 2881 225 2941 Cirr.
243 2877 484 2950 llll'llnger,
504 2890 605 2938 Mau!
628 2879 771 2951 liturgici
795 2881 828 2932 ad
854 2895 933 2934 usum
959 2897 1111 2935 neccara-

163 2959 274 3005 torum
300 2959 333 3003 ct
351 2955 647 3005 conterentiarum
667 2950 897 3018 pastoralium
917 2952 1012 3005 ordine
1030 2952 1112 3017 alpha·

163 3023 250 3076 betico
269 3024 398 3088 propositi
417 3029 444 3074 et
461 3024 578 3075 breviter
594 3021 713 3074 resoluti.
753 3017 794 3075 12.
830 3018 918 3073 toln.
938 3019 983 3073 od.
1005 3019 1050 3086 itt
1063 3037 1110 3086 sgr.

127 3105 429 3166 --direotortum
441 3107 623 3176 tiluumpro
644 3105 814 3162 eccltsiis
834 3106 1113 3174 parochialibus,

163 3181 189 3231 in
215 3177 546 3245 quihuspraestantiores
571 3194 661 3231 escrae
686 3178 837 3230 functiones
865 3177 923 3228 sine
948 3175 1068 3228 Diacouo
1089 3180 1113 3226 et

163 3245 335 3315 Subdiaeon'o
354 3249 548 3314 persolvendae
567 3254 642 3313 sunt,
660 3264 692 3298 ex
711 3263 733 3298 s.
753 3247 793 3298 rit.
815 3261 942 3312 congreg.
961 3244 1073 3298 decretis
1089 3251 1111 3294 et

162 3315 315 3382 approbatis
333 3317 483 3369 rubricistis
500 3322 615 3384 excerpt.
655 3314 695 3372 12.
714 3317 775 3380 maj.
811 3311 846 3370 30
858 3313 899 3366 in.
919 3315 963 3368 od.
986 3314 1018 3370 10
1029 3330 1080 3380 sgr.

128 3396 162 3440 '—
183 3425 213 3434 -
228 3397 386 3454 uderdm
403 3400 539 3457 curtius
557 3405 584 3454 in
604 3391 723 3456 oratflne
742 3403 844 3469 privata
861 3407 888 3454 et
904 3401 1056 3454 visitatione
1077 3401 1110 3450 in-

162 3468 314 3531 tirmorum,
343 3486 389 3520 sen
409 3469 536 3522 Manuale
560 3487 669 3538 precum
696 3471 854 3524 selectarum
880 3487 940 3523 curu
960 3469 1109 3536 compendio

161 3550 239 3585 curae
259 3535 422 3588 infirmorum
443 3539 575 3594 adfusum
593 3549 619 3593 et
638 3541 809 3594 commodum
828 3540 997 3594 sacerdotum
1015 3541 1041 3592 in
1055 3554 1110 3592 cura

161 3603 306 3652 animarum
327 3601 503 3658 laborantium
518 3611 675 3678 praeprimis
689 3612 716 3664 in
730 3611 847 3664 dioeces.
861 3609 1051 3668 Ratisbcnensi
1064 3622 1108 3662 nec

754 3717 767 3760 l
