2304 3888
147 163 212 232 282
503 177 781 224 cummunione

150 315 224 374 quae
244 299 281 356 de
301 299 355 354 illo
376 298 521 356 eradium
540 301 706 366 veritatem,
727 302 804 355 facta
824 299 899 368 sint,
920 301 1070 372 sequitur,
1093 301 1145 356 ills

150 380 249 438 omnis
268 393 332 434 erse
350 379 502 434 verissima
521 394 556 434 ac
576 378 650 435 Fide
669 377 849 451 dignissima

212 455 376 514 Secundum
396 466 596 530 argumentum
616 457 684 513 duci
696 465 794 528 potest
811 475 849 514 ex
861 457 962 527 modo,
984 473 1045 530 quo
1058 460 1145 514 totins

150 539 253 594 mundi
280 537 318 593 ad
346 537 451 593 Christi
479 537 582 592 Fidem
608 539 759 594 conversio
779 539 856 594 iactr
876 544 928 593 est
968 537 1047 595 Haec
1069 540 1146 594 enirn

150 635 209 676 nou
230 625 272 674 est
291 618 369 672 lacta
389 619 419 672 vi
439 619 611 686 aut'crmia,
632 631 685 680 noc
704 633 757 688 per
778 619 922 688 srpientes
943 625 994 676 aut
1015 625 1146 690 putentes

150 697 277 765 saeculi,
298 695 349 754 sod
368 712 421 767 per
441 694 595 754 duodecim
614 697 788 766 piscatores,
816 697 1023 768 philosophiae
1044 713 1083 754 ac
1104 699 1146 752 lit·

150 783 276 839 terarum
296 776 498 832 humaniorum
518 777 684 847 imperitos,
711 776 802 848 idque
819 791 881 834 non
902 775 1081 844 blanditiis,
1104 785 1148 832 aut

150 855 310 914 honoribus
336 856 511 926 propositis,
539 857 598 911 irno
617 856 716 926 potius
734 856 891 926 suppliciis
913 863 943 910 et
963 857 1149 924 carceribus3

151 938 223 1008 quin
244 936 331 991 etiam
351 933 501 992 suadendo
519 935 685 1006 relinquare
704 935 826 1002 amicos,
848 942 1000 1006 parentes,
1028 951 1148 992 consan-

151 1017 287 1088 guineos,
309 1014 421 1071 calcare
434 1014 615 1086 voluptates,
637 1015 731 1070 colere
746 1014 952 1083 humilitatem,
974 1017 1147 1082 castitatem,

149 1099 365 1168 paupertatem,
386 1094 449 1164 pati
463 1093 559 1150 illatas
574 1091 713 1166 injurias,
735 1093 864 1148 inimicis
877 1093 1066 1163 benefacere,
1089 1111 1148 1166 pec-

150 1183 215 1232 cata
235 1173 332 1228 omnia
353 1169 495 1240 devitare,
517 1173 593 1230 sicut
614 1181 641 1228 et
656 1167 770 1228 Plinius
791 1173 894 1243 author
914 1174 1054 1248 ethnicus
1072 1183 1148 1229 testa·

150 1261 197 1308 tur
217 1253 270 1308 lib.
288 1251 333 1308 10.
356 1253 439 1322 epist.
454 1249 501 1306 97.
524 1251 563 1308 ad
577 1251 735 1324 Trajannm
749 1255 959 1323 imperatorem.
994 1253 1063 1310 Hoc
1079 1257 1148 1310 eninr

150 1349 181 1390 re
209 1347 277 1387 vera
303 1347 416 1386 omnem
443 1330 617 1389 industriam
635 1329 761 1403 ‘prorsus
790 1340 958 1402 exsuperet,
998 1333 1148 1404 soliusque

151 1411 276 1473 divinoe¹
295 1412 446 1482 proprium
474 1418 532 1478 est,
567 1411 676 1467 talibus
705 1408 824 1480 mediis,
857 1419 914 1468 tam
941 1411 1067 1480 arduis,
1098 1415 1148 1466 imo

150 1491 303 1548 contrariis
328 1497 357 1544 et
382 1490 559 1562 paradoxis,
594 1505 653 1546 non
681 1507 768 1546 uuam
795 1491 890 1546 solum
917 1491 1079 1548 civitatem
1107 1499 1150 1546 aut

150 1578 279 1642 gentem,
308 1566 360 1624 sed
388 1577 478 1644 totum
505 1569 644 1626 mundum
665 1569 703 1624 ad
724 1571 832 1628 Christi
853 1567 953 1626 Fidem
975 1569 1149 1637 adduxisse,

149 1663 203 1706 uec
223 1649 300 1704 solos
327 1665 484 1720 pauperes,
514 1648 566 1704 sed
591 1651 678 1704 etiam
706 1649 829 1712 divites,
858 1649 1074 1720 imperatores,
1104 1667 1136 1704 ne

150 1727 227 1783 solos
241 1727 358 1794 idiotas,
381 1728 432 1784 sed
449 1727 639 1800 philosophos
654 1737 682 1782 ei
701 1731 861 1800 sapientes:
883 1728 974 1798 idque
989 1737 1056 1785 tam
1071 1731 1150 1785 brevi

150 1809 294 1877 tempore;
322 1820 415 1880 neque
442 1811 553 1862 tantum
579 1805 618 1862 ad
637 1807 738 1862 iidem
761 1804 867 1872 Christi
889 1805 1074 1876 adduxisse,
1105 1808 1149 1864 sed

149 1887 237 1942 etiam
258 1885 295 1940 ad
315 1887 486 1957 martyrium
507 1895 560 1957 pro
580 1889 645 1958 ipso
666 1885 849 1958 tolerandum
869 1888 1025 1943 animasse.

211 1969 236 2022 5.
280 1963 410 2022 Tertium
438 1973 638 2038 argumentum
667 1961 734 2020 duci
762 1973 857 2036 potest
884 1979 920 2036 ex
947 1967 1003 2034 iis,
1037 1983 1148 2040 quaec

150 2045 263 2100 Christo
284 2043 435 2115 praedicta
455 2053 523 2100 suut
543 2053 570 2100 et
594 2048 817 2115 praenunciata,
846 2053 878 2099 ut
904 2045 1148 2118 hierosolymita·

88 2123 89 2126 ’
147 2139 204 2180 nae
224 2124 306 2180 urbia
326 2125 466 2192 vastatio,
484 2124 590 2194 ‘templi
612 2122 784 2192 destructio,
806 2124 987 2181 iudaeorum
1002 2125 1148 2198 dispersio

148 2211 180 2259 et
198 2205 366 2274 captivitas,
390 2219 423 2258 ao
442 2205 612 2259 innumerae
633 2204 828 2270 calamitates,
857 2203 964 2275 quibus
995 2219 1013 2258 a
1041 2207 1150 2262 Christi

148 2293 238 2339 morte
267 2284 360 2338 attriti
384 2289 467 2351 sunt3
496 2283 650 2354 Evangelii
675 2295 729 2352 per
754 2283 920 2338 uuiversum
940 2283 1048 2340 orbem
1073 2303 1136 2357 pr·

149 2363 271 2430 dicatio,
293 2363 441 2416 Ecclesiae
462 2362 621 2418 catholicae
643 2369 743 2416 contra
762 2377 860 2418 ornnes
876 2370 1076 2432 tyrannorum
1091 2382 1141 2436 per

146 2444 315 2498 secutiones·
329 2449 357 2495 et
378 2441 591 2496 iiaereticorurn
612 2442 840 2496 machinationes
862 2443 986 2497 victoria
1005 2452 1037 2497 et
1053 2447 1141 2500 trium

147 2521 239 2592 phus‚
267 2531 295 2574 et
322 2521 381 2576 alia
409 2521 501 2576 muita
521 2521 647 2587 similia,
676 2535 749 2591 quae
767 2521 880 2590 'partim
902 2519 1071 2592 adimpleta
1095 2541 1151 2579 es·-

147 2600 363 2672 cognoscimus,
392 2599 498 2668 partim
524 2601 683 2654 odericum
707 2599 809 2656 adhuc.
824 2601 880 2655 hoc
900 2607 1036 2670 tempore
1058 2604 1142 2659 adim

147 2679 224 2751 pleri
251 2679 403 2734 cernimust
444 2679 525 2745 Quae
553 2680 650 2734 omnia
678 2685 735 2733 tam
753 2680 833 2734 clare
854 2687 882 2733 et
903 2678 1045 2737 distincte
1068 2698 1141 2754 prae

148 2761 302 2826 nunciata,
328 2763 401 2812 tam²
414 2763 491 2813 certo
513 2767 541 2812 et
561 2758 711 2813 mauiieste
733 2757 909 2829 adimpleta,
935 2775 992 2814 non
1014 2762 1058 2816 ab
1084 2765 1149 2828 alio,

146 2843 233 2910 'quam
255 2838 377 2909 abipso
399 2837 461 2892 Deo
480 2838 620 2906 praesciri
641 2845 669 2891 et
689 2838 894 2906 praenunciari
913 2845 1090 2908 potuerunt.

208 2919 347 2985 Quartum
375 2917 500 2989 denique
528 2923 727 2988 argumentum
755 2916 867 2972 desumi
894 2925 991 2987 potest
1019 2929 1089 2975 tum
1119 2938 1133 2975 e

146 2997 260 3052 infinito
281 3011 372 3069 prope
394 3005 552 3066 martyrum
573 3009 691 3050 numero
710 2997 805 3050 omnis
817 2997 934 3064 aetatis,
957 3011 1059 3066 sexus,
1086 3018 1150 3056 con·

145 3075 283 3143 ditionis,
304 3079 381 3132 inter
401 3091 474 3147 quos
493 3075 614 3146 plurimi
634 3075 780 3144 sapientia
798 3083 826 3130 et
839 3076 951 3146 ingenii
965 3082 1137 3146 praestanti

147 3155 263 3208 dierunt
283 3155 480 3222 celeberrimi,
502 3162 535 3210 ut
555 3171 654 3209 eorum
675 3156 790 3226 scripta.
805 3161 958 3223 testentur3
982 3159 1033 3226 qui

146 3247 245 3288 omnes
265 3249 318 3300 pro
338 3231 420 3288 Fidei
442 3234 550 3288 Christi
571 3235 751 3289 confessione
773 3241 893 3289 mortem
905 3239 1151 3293 *contentiosior

146 3310 310 3364 subierunt:
345 3317 407 3366 tum
435 3315 521 3368 etiam
549 3329 585 3367 ex
612 3315 794 3381 puritatem
820 3313 973 3370 sanctitate
993 3313 1151 3372 doctrina

146 3389 239 3456 ipsius
267 3387 391 3461 Christi,
420 3404 494 3458 quae
522 3392 569 3446 rel
597 3406 634 3444 ex
660 3407 690 3447 se
718 3392 782 3446 sola
808 3391 924 3447 videtur
951 3395 1093 3450 sufficere
1141 3426 1145 3439 ·

54 3501 56 3509 ι
145 3463 375 3534 convincendos,
402 3464 461 3522 imo
488 3465 752 3536 et-porsuadendcs
773 3471 902 3538 animos,
927 3471 1011 3526 iliius
1040 3477 1136 3530 urth.

145 3557 206 3599 rem
224 3543 324 3598 aurn-
338 3553 399 3598 non·
415 3559 495 3612 csse,
511 3558 603 3614 uuam
617 3547 717 3604 Deum·¹
730 3551 823 3604 omnis
843 3551 1005 3610 scrutatis
1019 3551 1115 3610 iente
1124 3582 1136 3601 «ι
