2332 3880
469 111 505 156 nr
520 104 595 156 rmr.
990 85 1032 164 ω

31 235 64 289 sit
95 233 129 288 ln
160 233 303 304 potestate
331 231 482 300 hominis,
516 231 717 288 infidelitatem
749 227 832 290 ssiam
866 235 1029 306 negativam

31 315 138 380 vitare,
168 319 203 366 ut
230 311 408 383 explicatum
433 321 492 382 est,
519 313 604 366 illam
624 311 748 386 proinde
769 314 801 368 in
822 327 856 367 eo
877 321 1028 384 peccatum

32 409 82 448 non
109 407 185 447 esre.
365 410 369 418 =
710 415 711 420 κ

84 471 237 528 observat
257 461 353 528 'autem
372 479 448 528 recte
468 469 548 526 idem
569 467 596 526 S.
609 469 716 527 Doctor
730 471 808 526 citat
830 478 882 526 art.
901 469 927 526 l.'
949 471 1028 544 quud

31 552 166 622 quamvis
186 545 347 606 infidelitas
368 545 422 606 illa
435 549 572 623 negativa
588 565 647 606 non
662 551 699 604 sit
711 557 879 622 peccatum,
902 568 955 608 neo
968 553 1027 619 llll,

31 633 77 704 qui
100 645 135 686 eo
158 635 271 690 tantum
285 631 371 686 modo
385 638 452 686 aunt
465 627 616 696 infideles,
638 625 671 684 id
686 639 729 684 est
743 629 794 704 qui
807 630 885 685 nihil
898 647 1027 702 unquam

31 709 63 765 de
74 709 149 766 Fide
165 709 322 766 audierunt
335 725 388 766 nec
401 707 503 764 audire
514 715 687 780 potuerunt,
709 707 884 766 damnentur
896 711 934 766 ob
952 710 1028 782 eius·

32 789 109 845 modi
130 789 352 858 infidelitatem
383 805 431 844 eoa
456 798 551 844 tamen
567 788 647 860 juste
668 787 801 844 damnari
821 787 861 844 ob
881 791 940 844 alia
959 804 1028 861 peu·

32 879 111 937 cata,
132 883 209 940 quae
231 870 429 938 committunt,
451 879 479 924 et
500 883 573 940 quae
595 869 658 923 siue
673 867 741 924 Fide
762 879 911 942 nunqnam
931 870 1028 925 remit·

34 956 139 1004 tuntur.
182 947 378 1015 Quaetamen
399 950 503 1003 sinon
527 947 753 1016 commisissent,
782 947 835 1004 aed
861 947 958 1022 potius
985 959 1028 1004 st·

36 1027 159 1084 eundum
187 1027 282 1100 legem
309 1036 428 1083 naturae
456 1031 532 1083 reete
553 1027 710 1095 vixissent,
738 1025 819 1083 haud
841 1025 930 1086 dubie
950 1025 1028 1086 Deua

33 1107 96 1162 illis
114 1108 321 1176 succurrisset,
343 1111 371 1162 et
384 1107 496 1164 auxilia
510 1109 673 1162 necessaria
688 1105 724 1162 ed
737 1105 835 1162 Fidem
851 1123 1029 1180 consequen·

33 1187 98 1242 dam
126 1186 293 1255 tribuisset,
306 1189 310 1194 ”
322 1187 384 1243 sive
407 1203 460 1257 per
480 1202 511 1242 ae
531 1187 700 1242 immediata
720 1188 821 1259 aliqua
841 1181 1028 1259 revelatione,

31 1269 91 1322 aive
113 1281 167 1338 per
189 1266 281 1325 ilium
300 1265 447 1322 hominem
468 1267 517 1321 vel
531 1265 689 1338 Angelum,
709 1269 846 1322 veritates
859 1265 941 1324 Fidei
955 1267 1028 1338 ipsis

33 1345 228 1412 declarando,
249 1353 277 1402 et
297 1347 418 1418 gratiam
440 1343 480 1400 ad
499 1361 646 1402 assensum
667 1345 729 1402 illis
750 1342 880 1401 dandum
900 1361 1030 1404 necesse

33 1428 105 1481 riam
126 1423 306 1496 elargiendo.
836 1422 839 1430 '

91 1505 119 1560 3.
165 1505 307 1572 Quaeres,
329 1503 459 1576 quidde
480 1501 563 1560 illius
583 1503 756 1560 infidelitate
777 1503 960 1560 sentiendum
981 1505 1028 1572 sit,

35 1585 82 1656 qui
105 1583 226 1656 quidem
246 1601 304 1639 nou
327 1591 469 1656 repugnat
488 1583 584 1652 Fidei,
606 1597 661 1639 nee
681 1585 797 1655 aliquid
819 1593 918 1639 contra
930 1583 1028 1642 Fidem

35 1666 134 1731 sentit,
166 1663 218 1718 sed
245 1671 340 1719 tamen
368 1679 423 1736 per
449 1665 655 1738 negligentiam
681 1665 789 1718 omittit
809 1663 910 1719 audire
931 1671 960 1719 et
980 1666 1030 1722 ad-

36 1743 142 1798 discere
165 1759 215 1809 ea,
239 1759 312 1815 quae
333 1750 400 1798 sunt
419 1737 516 1812 Fidei3
538 1758 611 1814 quae
625 1741 748 1814 proinde
767 1757 823 1800 non
839 1744 941 1812 credit,
963 1759 1029 1800 cum

37 1821 115 1878 Fides
136 1824 178 1877 ait
198 1837 235 1878 ex
255 1821 373 1890 auditu,
403 1823 451 1877 vel
472 1823 498 1878 si
519 1823 648 1890 audiuit,
676 1823 799 1896 negligit
822 1821 971 1880 attendere
992 1821 1031 1880 ad

39 1901 245 1974 obligationem
267 1899 421 1972 credendi,
452 1909 480 1957 et
500 1903 543 1958 sic
563 1903 655 1958 etiam*
671 1911 723 1972 per
743 1901 950 1978 negligentiam
971 1912 1030 1980 nori

38 1983 133 2037 credit.
161 2011 203 2023 -
243 1981 460 2053 Respondetur,
489 1981 692 2041 infidelitatem
718 1983 802 2038 illam
826 1997 885 2038 non
906 1999 968 2040 esse
989 1995 1033 2039 ee·

37 2061 161 2116 cundum
183 2063 364 2132 negationem
386 2075 419 2116 eo
440 2074 542 2128 sensu,
558 2059 630 2133 'quo'
650 2059 737 2132 supra
758 2055 867 2118 dictum
892 2071 949 2129 eat,
980 2063 1032 2118 sed

39 2140 193 2196 secundum
222 2139 469 2209 contrarietatem,
498 2141 569 2214 quia
595 2141 708 2196 seilicet
734 2143 777 2210 is,
805 2145 858 2214 qui
884 2144 917 2197 e'o
943 2141 1029 2200 modo

37 2235 92 2275 non
112 2219 221 2288 credit,
242 2227 340 2292 posset
361 2221 493 2288 credere,
515 2221 541 2276 ai
562 2217 668 2298 vellet,
691 2237 724 2276 ac
743 2221 867 2292 proinde
889 2224 1030 2290 censetur,

38 2301 134 2355 saitem
160 2301 381 2371 interpretativa
407 2307 590 2356 contemnere
616 2299 730 2368 Fidem,
761 2316 826 2356 cum
853 2299 1031 2394 negligentia

39 2379 197 2452 illaquam
218 2379 387 2451 committit,
414 2395 472 2435 non
500 2379 560 2434 nisi
585 2393 623 2434 ex
642 2381 699 2442 vili
719 2381 918 2436 aestimatione
937 2381 1031 2452 rpsiua

38 2453 130 2528 Fidei,
159 2473 193 2514 ao
215 2457 340 2530 proinde
362 2475 398 2516 ex
418 2459 638 2534 interpretativo
660 2457 758 2530 aliquo
780 2458 843 2532 eJ'us
865 2459 1031 2530 contemptui

41 2539 107 2594 oriri
131 2539 242 2608 possit,
255 2547 258 2568 ⁴
271 2546 298 2594 et
326 2553 362 2594 ex
389 2541 578 2610 consequenti
599 2539 667 2594 talis
687 2537 847 2594 infidelitas
867 2546 910 2595 est
930 2555 1031 2610 pecca-

41 2625 111 2687 tum,
133 2620 204 2689 quia
222 2616 379 2690 perillam
399 2619 469 2674 licet
488 2635 547 2674 non
568 2621 708 2691 repugnet
727 2617 825 2687 Fidei,
846 2615 942 2674 tamen
963 2634 1030 2675 eon·

41 2697 137 2752 temnit
156 2695 272 2765 Fidem3
298 2697 378 2768 quod
393 2697 480 2770 juxta
500 2706 624 2753 mentem
646 2699 673 2754 S.
690 2699 823 2754 Doctoris
845 2699 971 2769 pertinet
991 2697 1031 2754 ad

42 2775 236 2834 infidelitatem
266 2773 423 2834 secundum
449 2777 695 2849 contrarietatem,
708 2797 711 2804 ·
726 2793 811 2850 quam
840 2779 942 2834 asserit
969 2790 1030 2834 esse

43 2865 200 2924 peccatum,
226 2855 393 2930 etquidem
415 2871 575 2929 exgenere
597 2871 648 2912 sua
670 2859 881 2930 gravissimum.

332 3071 611 3140 -SEOTIO
642 3071 687 3140 Π.
738 3022 740 3030 '
917 3173 919 3178 Δ

237 3199 326 3272 Quot
355 3199 423 3258 sint
455 3201 584 3272 apeoiea
614 3199 828 3262 infidelitatis·

99 3331 169 3385 Cum
201 3346 251 3400 ea,
282 3346 355 3402 quae
387 3333 513 3390 sectione
540 3307 726 3401 praecedenti
754 3332 834 3386 dicta
861 3341 944 3400 sunt,
973 3347 1031 3388 non

46 3407 123 3464 modo
145 3409 180 3465 de
200 3410 374 3466 infidelitate
394 3413 425 3466 in
447 3425 563 3483 genere,
586 3410 638 3466 sed
659 3411 695 3466 de
716 3426 890 3482 unaquaque
905 3412 1033 3468 infideli·

48 3490 107 3544 tntis
134 3491 230 3560 specie
257 3492 287 3544 in
315 3491 487 3562 particulari
516 3490 707 3562 intelligenda
736 3493 809 3559 sint,
838 3491 1032 3543 necessarium
