2332 3880
137 113 182 180 41
570 73 731 173 ιιιιιιιιι.Ι
765 153 769 158 -

138 251 280 310 muman
301 245 482 302 induetivam
504 246 541 302 ad
561 247 634 311 hoe,
664 255 696 302 nt
716 256 920 320 agnoseerent,
949 247 1073 303 divinae
1101 263 1157 303 ve·

140 331 221 390 rituti
242 343 304 384 esse
326 323 512 385 eredendum.
555 325 638 394 Quod
658 333 692 382 ιιι
712 327 828 392 facilins
850 326 1050 398 intelligatur,

199 405 366 468 Notandum
385 413 445 474 est,
466 405 612 478 objectum
634 406 755 477 aliquod
775 406 925 462 materiale
938 405 1024 460 Fidei
1040 422 1157 477 super·

139 487 281 550 naturalis
303 501 387 556 posse
409 484 523 544 duobus
543 485 639 543 modis
660 487 723 545 deri
743 485 902 542 credibile:
930 483 956 540 1.
979 501 1038 556 per
1055 487 1156 544 mira

140 567 208 627 aula
228 577 257 622 et
277 567 336 624 alia
357 566 467 623 similia
486 567 596 622 motiva
618 562 796 638 (dequibus
817 564 918 636 inira),
939 580 1014 635 quae
1029 565 1065 620 id
1082 573 1155 622 tan·

65 664 68 674 ¹
140 655 201 708 turn
230 648 384 710 evincunt,
413 653 445 700 nt
472 660 524 716 pen
544 645 600 700 ills
619 645 705 702 horno
726 653 878 716 agnoscat,
906 645 964 702 sele
989 644 1153 718 objectum

138 726 297 800 prudenter
318 725 399 782 orodi
419 739 520 795 ρωπος
551 724 580 778 2.
609 739 662 794 per
685 725 891 780 revelationem
911 724 1025 794 primae
1045 734 1080 780 at
1103 728 1155 782 in-

141 806 279 864 tallibilie
300 805 446 870 veritatis,
475 819 564 874 qnae,
593 812 625 860 nt
646 804 713 860 talis
735 805 868 875 cognita,
895 805 968 882 lauit
990 803 1153 860 hominem

140 887 304 946 firmissime
325 892 353 940 et
374 883 446 942 eitra
464 897 580 941 omnem
602 883 813 942 dubitationem
833 883 911 946 illud
929 883 1067 940 eredere·

156 956 166 1008 ,⁸
183 965 285 1022 .Unde
314 963 425 1033 duplex
453 963 572 1018 iormari
594 969 688 1032 potest
704 963 850 1035 judicium
872 963 1040 1020 intellectus
1063 967 1155 1020 eirea

140 1047 198 1101 tale
213 1043 381 1118 objectum:
408 1043 432 1096 1.
455 1057 512 1113 qno
529 1041 663 1113 judicet,
686 1043 743 1098 tale
764 1041 908 1114 objeetum
930 1041 1099 1112 prudenter
1123 1053 1152 1100 et

139 1141 205 1183 oum
228 1125 354 1181 maxima
368 1123 478 1179 ratione
493 1123 572 1180 orodi
585 1137 686 1192 posso3
715 1122 744 1177 2.
754 1137 819 1192 ouo
829 1121 962 1194 judione,
983 1121 1064 1176 illud
1080 1139 1150 1179 esee

139 1203 341 1264 infallibiliter
367 1215 486 1267 strum,
514 1201 552 1258 ob
577 1201 708 1256 divinam
728 1202 953 1269 revelationem
979 1203 1073 1258 etsie
1099 1205 1151 1258 dr·

139 1283 267 1343 missine
289 1297 323 1336 se
344 1280 546 1340 indubitanter
566 1279 646 1338 oredi
668 1279 782 1337 debere
824 1281 869 1336 Ex
888 1281 1148 1352 quibueprimnrn

139 1369 183 1421 est
209 1361 357 1428 naturale,
384 1375 438 1416 nee
458 1361 584 1429 pertinet
610 1363 728 1430 proprie
741 1360 786 1417 ad
807 1364 947 1416 rationem
968 1360 1067 1428 Fidei3
1102 1377 1148 1416 se-

138 1441 266 1500 eundum
294 1455 373 1498 vero.
390 1447 434 1495 est
461 1453 546 1496 verus
574 1454 608 1497 ao
634 1440 771 1510 proprius
798 1435 879 1494 Fidei
907 1443 1146 1510 supernaturalis

139 1529 237 1587 aetna,
264 1519 320 1576 soli
340 1519 457 1577 veritati
479 1519 596 1576 divinae
617 1521 759 1578 revelanti
782 1521 909 1576 innixus.
1003 1561 1005 1567 .

181 1796 184 1804 ,
370 1807 374 1812 ,
477 1741 501 1810 S
516 1742 545 1810 E
560 1743 588 1808 C
603 1742 663 1810 TI
747 1741 791 1808 11.

137 1871 194 1930 Aa
216 1869 379 1928 revelatio
403 1869 519 1928 dtvlne
563 1741 729 1942 quani·
756 1871 898 1943 pertinet
922 1869 967 1928 ad
993 1871 1142 1931 dormale

173 1940 342 2013 euroeam
354 1907 600 2011 neumam
615 1950 691 1998 ene
706 1939 851 1998 eonem
867 1941 902 1999 οι
916 1940 1105 1999 nonum.

200 2071 226 2125 1.
269 2072 390 2126 Duobus
410 2071 506 2129 medie
527 2079 622 2142 potest
642 2071 744 2128 divina
765 2072 904 2128 revelatio
925 2087 986 2128 esse
1000 2072 1141 2142 obscura,

138 2169 188 2208 sen
209 2151 379 2207 inevidene:
405 2153 430 2208 1.
452 2167 488 2206 ex
508 2159 591 2221 parta
612 2153 654 2206 rei
675 2153 836 2220 revelatae,
858 2151 974 2221 quando
995 2152 1063 2220 ipsa
1078 2169 1141 2207 non

138 2239 369 2302 repraesentatur
388 2247 440 2300 per
462 2231 669 2286 revelationem
688 2232 838 2288 evidenter
853 2231 1031 2292 intellectum
1055 2230 1083 2286 2.
1103 2249 1141 2288 ex

137 2319 219 2382 parte
234 2311 289 2366 Dei
310 2311 483 2378 revelantis,
506 2309 622 2382 quando
644 2326 702 2366 nen
724 2317 850 2377 constat,
872 2309 1023 2366 evidenter
1041 2310 1141 2380 ipsam

136 2391 341 2448 revelationem
370 2407 431 2446 esso
459 2391 567 2444 aDeo.
609 2387 662 2444 Est
689 2406 754 2462 ergo
775 2391 924 2461 quaestio,
954 2406 990 2444 an
1012 2397 1141 2462 utroque

129 2469 223 2526 modo
245 2470 385 2530 revelatio
409 2470 513 2525 debeat
533 2484 593 2523 esse
615 2469 747 2524 obseura.
777 2470 833 2524 Pro
854 2469 937 2541 enjus
959 2469 1140 2526 resolutione

181 2549 360 2608 ‚Dicendum
379 2551 403 2602 1.
431 2549 638 2604 revelationem
667 2547 813 2616 divinam,
842 2558 983 2620 quatenns
1007 2551 1141 2618 pertinet

58 2696 62 2700 .
138 2627 176 2684 ad
205 2627 349 2700 objectum
378 2629 498 2684 formale
520 2626 600 2682 Fidei
606 2665 616 2696 s
646 2625 750 2688 debere
778 2643 840 2684 ease
867 2627 1018 2684 obscuram
1042 2639 1072 2686 et
1092 2631 1141 2684 in·

137 2707 299 2770 evidentem
322 2724 359 2762 ex
377 2715 459 2778 parte
480 2707 522 2762 rei
544 2708 695 2763 revelatae.
717 2761 719 2768 ,

189 2787 342 2850 „Probatur
364 2787 389 2840 1.
412 2802 449 2840 ex
466 2785 670 2858 *Apostolorad
691 2785 777 2842 Hebr.
796 2787 841 2840 11.
884 2789 965 2842 Fides
987 2797 1025 2842 est
1045 2805 1137 2858 urpa-

136 2876 251 2922 mentam
272 2885 325 2921 aon
346 2868 544 2939 apparentiam.
587 2866 623 2920 Et
644 2867 728 2936 epist.
748 2867 772 2922 1.
796 2866 834 2920 ad
856 2868 920 2922 Cor.
943 2883 1006 2938 eup.
1024 2867 1070 2922 13.
1093 2867 1139 2924 le·

137 2961 229 3016 quens
252 2945 288 3002 de
310 2947 502 3021 cognitione„
520 2959 606 3016 qnam
632 2961 710 3004 nuno
729 2945 869 3004 habemns
889 2962 942 3016 per
961 2945 1078 3014 Fidem,
1110 2955 1139 3004 et

137 3039 307 3095 comparans
335 3025 418 3080 illam
440 3039 504 3080 eum
532 3025 644 3079 visione
665 3025 813 3080 beatifica:
860 3026 997 3090 Videmus,
1027 3027 1135 3098 inquit,

135 3121 207 3160 aene
221 3122 276 3176 per
289 3105 425 3173 speculans
439 3114 466 3158 et
479 3107 508 3158 in
522 3107 687 3174 oeuipmalee
707 3114 771 3160 tune
783 3107 959 3176 autemsocs'e
973 3105 1134 3176 adfaciem.

197 3184 340 3238 Probatur
361 3184 388 3238 2.
418 3201 454 3238 ex
483 3185 511 3240 S.
527 3185 649 3255 Augen.
672 3192 753 3240 treet.
770 3185 797 3241 4.
820 3185 850 3238 in
872 3186 958 3244 dean.
977 3245 981 3255 ,
1003 3185 1136 3250 Quidem

135 3263 230 3328 Fides,
254 3265 308 3318 nisi
329 3266 548 3336 erederepqnod
568 3281 620 3316 non
640 3266 735 3320 videet
766 3265 803 3320 Et
824 3265 852 3320 S.
869 3265 970 3334 Chrys.
992 3265 1070 3326 hom.
1085 3264 1132 3320 ¹2.

115 3344 167 3398 ‘in
190 3345 274 3411 epist.
295 3342 335 3398 ed
349 3343 442 3402 Heba
475 3345 557 3398 fider
578 3353 618 3398 est
636 3354 762 3415 mpeetm
783 3359 887 3409 emesa,
909 3361 978 3416 puae
998 3361 1052 3398 nou
1072 3354 1134 3398 sunt

133 3422 289 3492 mandente.
613 3469 615 3478 .

142 3539 145 3544 -
193 3501 334 3556 Probatur
348 3499 376 3558 3.
402 3517 440 3556 ex
461 3517 511 3570 eo,
533 3501 612 3572 quod
632 3502 814 3574 experientia
832 3503 900 3572 ipsa
920 3508 1049 3570 annuat,
1080 3519 1134 3558 nos
