2324 3886
474 196 511 238 nn
525 195 592 242 nno.
969 182 1029 250 117

26 315 53 370 S.
68 315 245 372 Ambrosius
258 315 312 370 lib·
326 313 352 370 1.
368 314 404 370 de
427 314 538 374 ornetis
560 329 623 384 cap.
640 312 686 370 ta.
711 313 748 370 14
762 323 791 370 et
806 313 851 374 15.
874 317 903 372 S.
917 316 1025 390 Grego-

26 396 81 450 rius
106 393 164 448 lib.
187 393 214 450 1.
238 395 340 452 Moral.
372 409 434 464 cap.
459 393 504 452 16.
535 395 561 448 S.
577 394 757 466 Augustinus
785 395 838 450 lib.
861 399 887 452 5.
911 396 946 453 tle
968 397 1023 456 Ge·

25 477 84 528 nesi
105 473 147 528 ad
167 475 308 533 Litteram
333 489 395 544 cap.
411 471 458 528 21.
482 474 591 531 etalii.

79 553 108 608 3.
133 554 244 610 Verum
265 563 365 611 contra
385 555 460 608 hanc
482 553 517 608 (le
538 552 726 624 providentia
744 552 846 610 divine
859 553 1021 614 doctrinam

23 633 96 688 dnae
118 633 307 704 potissimum
326 634 391 688 fieri
411 633 506 688 solent
527 633 713 704 objectiones.
1012 670 1016 684 .

78 711 184 768 Prima
210 720 268 778 cst,
297 713 378 782 qnod
404 728 463 768 non
484 711 617 768 videatur
638 711 734 768 dicere
758 713 811 768 Dei
831 713 1020 784 majestatem,

23 799 51 846 nt
70 793 137 864 ejus
158 791 346 862 providentia
359 793 489 846 minimis
503 791 589 848 rebus
604 807 634 848 se
647 793 823 860 immisceat3
841 791 929 864 juxta
942 794 1021 852 illud

21 872 160 941 Apostoli
184 871 210 925 1.
226 873 291 928 Cor.
307 885 370 941 cap.
385 871 413 926 9.
434 868 574 944 Numquid
594 874 627 926 de
648 871 729 926 totos
751 891 817 928 coro
838 881 877 929 stt
896 873 974 929 Dect

78 951 233 1018 secunda,
252 945 342 1022 'quod
368 952 393 1006 si
416 951 492 1009 Dens
513 967 558 1006 res
579 953 719 1008 humanas
740 960 850 1024 regeret
871 961 898 1007 et
919 953 1023 1024 guber·

23 1041 118 1098 naret,
144 1032 231 1086 multi
251 1031 282 1086 in
304 1031 367 1099 ejus
388 1029 647 1101 gubernationem
668 1033 806 1103 regimine
828 1031 955 1090 delectus
977 1048 1022 1088 re·

21 1113 203 1178 potirentur,
232 1126 298 1166 cnm
321 1111 393 1165 boni
413 1109 533 1180 etjnsti
554 1111 644 1166 variis
663 1111 834 1182 plerumque
855 1111 1021 1170 conflicten-

22 1197 63 1246 tm
83 1189 238 1256 adversim
258 1190 330 1244 mali
351 1197 489 1250 econtra
509 1198 537 1246 et
556 1195 720 1260 peccatores
737 1191 823 1246 bonis
839 1206 872 1246 ac
886 1191 1020 1262 volupta-

21 1269 95 1326 tibus
119 1271 251 1324 affluant.
996 1306 1012 1319 ..

76 1350 130 1408 Ao
157 1351 283 1420 primam
299 1348 501 1418 respondetur
529 1365 594 1408 cum
618 1348 646 1404 S.
669 1349 824 1404 Ambrosio
853 1349 906 1406 lib.
928 1349 954 1404 1.
981 1351 1020 1409 de

23 1427 150 1484 Officiis:
175 1428 208 1482 st
221 1446 274 1484 occ
288 1438 328 1482 est
341 1429 444 1496 injuria
458 1437 484 1482 el
492 1429 623 1498 probrum
638 1429 700 1493 Del,
722 1431 914 1484 minutissimos
935 1447 1020 1501 quos-

22 1525 67 1578 que
88 1527 136 1562 res
150 1510 270 1579 sectere,
298 1509 379 1564 molto
406 1509 493 1574 minos
508 1509 640 1578 probarem
661 1509 733 1562 illim
754 1527 825 1573 eoae,
856 1527 903 1564 eoa
922 1511 1019 1580 sactes

22 1605 124 1656 repere.
146 1588 305 1656 Apostolus
320 1595 415 1642 antem
429 1587 494 1644 loco
516 1588 602 1644 citato
624 1604 681 1644 non
704 1592 822 1642 omnino
844 1597 937 1660 negat,
960 1589 1020 1645 Dec

23 1682 118 1722 curam
140 1683 203 1722 esse
229 1667 264 1721 de
293 1665 490 1723 animantibus
519 1667 638 1722 rationis
667 1667 850 1738 expertibus,
880 1668 932 1724 sed
959 1684 1019 1724 non

23 1749 104 1802 talem
129 1761 184 1801 nec
214 1753 272 1800 tam
300 1747 454 1816 specialem
484 1759 569 1816 qnam
598 1745 633 1800 (le
661 1747 845 1815 hominibus,
875 1763 908 1804 ac
935 1753 1018 1818 piac-

24 1829 117 1898 rertinp
147 1826 185 1880 de
213 1827 268 1892 iis,
297 1827 349 1896 qni
376 1817 406 1879 se
434 1833 507 1882 totos
532 1825 593 1902 ejus
615 1827 755 1898 obsequio
776 1834 805 1882 et
825 1828 919 1883 cultui
939 1844 1018 1884 man·

20 1906 132 1974 clpam,
157 1905 194 1960 de
215 1905 321 1976 quibus
340 1906 408 1963 illic
428 1905 566 1975 loquitur.

73 1983 127 2040 Ad
147 1983 305 2039 secundam
326 2000 394 2040 vero
424 1984 581 2040 dicendum
608 1993 665 2053 cst,
696 1987 787 2042 Deum
815 2003 880 2042 cnm
907 2001 1018 2044 summa

20 2067 165 2134 sapientia
191 2065 373 2134 permittere,
401 2065 460 2120 imo
489 2065 581 2130 velle,
610 2067 694 2120 utin
715 2066 769 2120 hac
789 2067 851 2122 vita
871 2065 1018 2124 interdum

19 2142 86 2212 justi
118 2145 300 2215 affligantur,
331 2145 403 2202 mali
433 2159 501 2198 vero
528 2159 667 2214 prospere
695 2153 790 2216 agant.
839 2147 911 2200 Cum
938 2146 1017 2201 enim

22 2226 93 2278 nnlli
115 2224 190 2280 adeo
211 2224 282 2278 mali
304 2225 378 2290 sint,
408 2225 478 2294 quin
507 2223 667 2293 aliquando
688 2224 760 2279 boni
775 2223 896 2294 pliquid
917 2232 1014 2296 agant,

21 2302 93 2358 Deus
124 2304 194 2358 illos
226 2303 257 2356 in
286 2304 412 2372 peccatis
444 2303 615 2370 morituros,
648 2303 685 2357 ob
717 2302 805 2372 idque
834 2303 1013 2360 damnandos

21 2382 207 2452 praevidens,
242 2384 362 2438 illorum
395 2397 483 2452 opera
515 2391 661 2452 utcunque
693 2381 787 2448 bona,
822 2383 1014 2452 prosperitate

20 2462 116 2534 aliqua
146 2463 302 2532 temporali
330 2463 524 2531 praemiatnr3
552 2461 647 2532 justos
679 2469 772 2518 antem
804 2461 1013 2519 afflictionibus

22 2545 105 2598 variis
126 2543 258 2596 exerceri
277 2543 357 2608 vult,
381 2549 440 2596 tum
455 2539 686 2612 adprehendam
707 2541 932 2611 ceruanicam,
954 2549 1015 2602 tnm

21 2621 53 2674 sd
75 2621 240 2691 pleniorem
268 2638 320 2690 pro
348 2620 475 2690 peccatis
504 2622 745 2690 satisfactionem,
775 2629 834 2678 tum
862 2623 948 2680 ctiam
977 2621 1016 2676 ad

22 2705 183 2758 meritorum
215 2702 362 2756 cumulum
393 2699 574 2770 aagendam
606 2715 694 2770 qnare
726 2702 834 2771 optime
864 2702 891 2756 S.
914 2702 1012 2771 Angn·

24 2781 106 2835 atinus
129 2781 160 2836 in
182 2780 303 2836 Enchirt
324 2796 347 2834 c.
366 2779 411 2834 11.
452 2779 530 2834 Deae
553 2797 611 2834 com
637 2797 737 2834 maome
757 2782 841 2836 tocco
861 2783 912 2845 sit,
939 2781 1012 2834 calm

23 2863 92 2916 modo
111 2863 214 2914 eiceret
233 2861 299 2916 moli
326 2861 430 2930 aliquid
457 2875 514 2916 cese
542 2862 571 2914 t'c
596 2859 723 2928 metibor
749 2863 820 2932 cpia,
835 2861 901 2915 miei
927 2877 1011 2932 napae

24 2941 83 2994 odeo
103 2941 360 3010 esaettotaot'poteca
380 2949 407 2992 et
424 2940 514 3004 bonos,
537 2949 566 2992 ot
587 2941 668 2994 etiem
689 2941 721 2993 ele
741 2941 811 2994 malo
833 2941 1011 3011 benefaceret.

356 3127 385 3224 s
418 3175 548 3258 orror
578 3176 613 3257 v.
706 3219 723 3228 ‹·

281 3323 343 3396 De
358 3323 753 3412 praedestinatione.

75 3493 159 3560 onor
180 3493 252 3550 orm
270 3491 419 3548 ereccon
440 3473 616 3563 Prophetae,
638 3493 693 3550 roc
715 3493 836 3552 ruarmo
858 3492 1009 3549 catholieo

30 3567 51 3622 in
68 3573 201 3628 omnibns
223 3571 304 3630 Fidei
324 3573 486 3643 mysteriis,
514 3571 565 3628 scd
586 3573 755 3642 pracsertim
775 3571 904 3637 inillis,
933 3583 1008 3638 qnae
