2324 3886
389 213 428 260 na
446 213 616 288 ranam
941 197 1004 267 iit

72 333 210 388 Probatur
228 332 257 388 3.
280 333 366 390 ems.
388 331 500 391 Hilario
521 329 616 397 itini.
639 333 676 391 tia
697 333 802 394 'l'riuit
816 333 882 394 rubi,
897 337 941 394 sic
954 338 1004 394 io·

27 412 120 482 quitur:
162 412 227 468 Noa
241 421 322 483 putet
343 414 433 478 homo,
459 429 509 468 aaa
531 414 709 483 inteiiipmtia
729 431 758 470 te
772 418 1003 488 compauperes
1052 432 1057 448 ·

26 494 161 560 mysterium
183 493 291 546 dininas
312 494 505 562 permotionis.
547 492 584 548 Et
605 495 632 547 S.
654 494 818 564 Augustino
839 493 892 550 tib.
915 495 943 552 8.
968 495 1004 552 tle

27 569 110 626 irinit.
133 587 158 625 c.
182 573 209 626 5.
232 571 285 626 ubi
307 572 342 626 de
362 573 417 628 hoc
438 573 576 642 mysterio
597 573 735 644 loquens:
772 574 868 638 Prius,
895 575 1002 646 inquit,

27 653 116 706 nedem
136 652 276 715 dabamus,
299 668 380 722 ςιιιιιι
400 653 578 728 inteilipsre..

71 755 211 811 Probatur
221 755 248 824 i,
263 757 318 828 hac
339 758 462 812 ratione:
487 755 587 838 Ompis
603 758 730 831 cognitio
745 759 894 832 naturalis,
917 773 1003 830 quant

26 835 52 888 dc
69 837 125 890 Deo
144 835 286 890 habemus
308 845 357 890 aut
380 835 488 890 habere
516 853 686 908 possumus,
715 835 830 891 ducitur
851 838 944 892 solnm
967 853 1003 894 ex

26 915 143 970 creaturis
173 932 191 970 a
219 917 374 986 posteriori
402 924 442 970 et,
456 931 510 987 per
535 917 660 973 effeetus.
709 916 801 988 Atqui
832 917 931 972 nullus
961 927 1004 972 est

26 995 138 1065 eiectus,
167 997 219 1066 qui
246 995 351 1052 scierat
377 995 480 1063 nobis,
508 996 599 1053 Deum
625 1010 686 1050 esse
706 1011 794 1051 unum
816 996 847 1052 ln
869 997 1002 1065 essentia,

25 1083 46 1126 et
61 1077 160 1130 trinum
183 1076 215 1130 in
236 1073 390 1144 personis,
404 1075 548 1145 siquidem
571 1076 668 1131 omnia
689 1090 779 1145 opera
793 1076 846 1140 Dei
864 1075 1004 1136 euenor

26 1153 99 1208 tubus
118 1155 253 1225 personis
277 1153 386 1212 divinis
408 1155 573 1210 communia
593 1163 661 1211 sunt
680 1163 708 1218 et
725 1155 844 1210 omnino
857 1155 1003 1234 indivipa3

26 1247 64 1286 nec
79 1233 151 1288 Deus
174 1231 214 1294 acl
235 1241 319 1290 extra
338 1241 486 1302 operatur,
508 1241 541 1288 ut
557 1234 661 1302 ‚trinua
683 1233 734 1290 sed
755 1242 896 1306 quatenus
917 1251 1001 1294 unus.

25 1310 83 1382 Ergo
102 1313 155 1370 Dei
176 1327 267 1382 opera
289 1311 326 1368 ad
347 1322 428 1370 extra
453 1329 505 1368 uos
533 1311 572 1374 acl
597 1315 684 1371 trium
712 1313 878 1372 divinarum
906 1329 1004 1384 perso·

26 1405 108 1446 narum
128 1391 264 1454 notitiam
284 1385 444 1467 perducere
461 1400 629 1462 'nequenut3
659 1408 712 1448 nec
733 1393 796 1451 ulla
815 1394 938 1463 proinde
961 1411 1003 1450 ra-

25 1472 56 1524 tic
73 1487 105 1526 ex
125 1473 163 1529 iis
185 1472 248 1542 peti
268 1477 378 1542 potest,
409 1487 481 1543 qnae
503 1472 683 1528 oeumene
706 1487 795 1528 unum
816 1474 847 1526 in
868 1475 1003 1542 essentia,

26 1559 45 1602 et
62 1552 140 1608 simul
163 1552 272 1609 trinum
294 1552 325 1606 in
345 1553 496 1622 personis,
517 1551 699 1607 demonstret.

70 1656 94 1710 3.
134 1655 267 1728 Objicies
285 1656 319 1710 l..
332 1657 526 1727 Philosophus
549 1656 688 1728 quosdam
708 1657 854 1724 ethnicos,
876 1667 909 1712 ut
923 1657 1003 1713 'Pris-

26 1737 171 1804 neeistum,
203 1737 370 1806 Platonem,
400 1735 548 1792 Plotinum
574 1744 602 1789 et
621 1737 696 1791 aiios
718 1737 759 1790 ite
780 1737 892 1792 locutos
915 1739 1004 1793 luisse

28 1813 150 1884 inlibris,
175 1829 249 1886 quos
270 1813 434 1896 ediderunt,
456 1823 488 1870 ut
509 1817 665 1872 rideantur
686 1817 814 1886 aliquam
835 1815 922 1893 hujus
943 1832 1005 1890 my-

29 1896 88 1948 sterii
107 1896 244 1950 notitiam
265 1895 411 1950 habuisse.

71 1973 285 2046 Respondetur,
306 1967 500 2046 Philosophus
517 1973 585 2028 iilos
600 1975 647 2030 vel
662 1982 773 2029 tanturn
788 1975 900 2030 locutos
915 1975 1004 2032 inisse
1053 2007 1057 2013 ·

28 2048 52 2103 ie
69 2053 350 2110 liversis·esseutiac
372 2053 489 2108 diuinae
506 2054 737 2124 proprietatibus
765 2062 793 2108 ct
821 2057 1006 2123 perfectioni·

29 2126 83 2199 bus,
102 2149 158 2189 non
182 2148 253 2188 vero
275 2133 310 2188 tle
325 2133 470 2194 distinctis
485 2133 515 2188 in
530 2149 589 2188 uua
603 2135 727 2188 essentia
740 2133 843 2188 divina
855 2133 1005 2206 personis3

31 2211 64 2263 vel
81 2215 103 2266 si
122 2215 253 2284 aliquam
275 2227 462 2282 personarum
485 2213 651 2268 divinarum
673 2214 807 2268 notitiam
832 2213 1005 2282 habueruut,

29 2286 90 2346 issam
115 2301 175 2348 nun
204 2307 240 2348 ex
268 2293 395 2347 naturali
422 2293 504 2358 lnce,
536 2299 585 2346 aut
610 2293 724 2364 proprii
751 2292 875 2362 ingenii
891 2292 1004 2348 viribus

30 2366 185 2438 obtinuisse,
208 2371 259 2427 sed
281 2387 317 2426 ex
338 2371 429 2429 libris
445 2365 581 2426 Mosaieis
602 2373 764 2440 accepisse}
786 2372 862 2424 sicut
883 2371 919 2425 cle
938 2371 1006 2426 Pla·

30 2453 80 2503 tone
97 2452 206 2508 asserit*
219 2452 246 2506 S.
269 2452 450 2524 Augustinus
472 2451 525 2506 lib.
547 2451 633 2510 &sle
655 2451 741 2506 Cirta
764 2450 818 2504 Dei
840 2465 902 2520 cap.
920 2449 966 2505 ta.

75 2529 202 2602 Objicies'
219 2529 248 2584 2.
277 2531 424 2587 hominem
453 2538 578 2585 creatum
607 2545 670 2586 csse
697 2528 735 2584 aci
761 2530 916 2601 imaginem
938 2531 1003 2598 Dei,

30 2613 52 2657 ut
68 2608 167 2670 dicitnr
190 2610 262 2665 Gen.
285 2610 311 2666 i.
334 2611 413 2664 etin
439 2609 573 2666 omnibus
602 2611 739 2665 creaturis
767 2611 889 2679 reperiri
917 2611 1005 2664 vesti·

32 2685 89 2751 pinu
114 2690 237 2762 aliquod
266 2697 380 2744 sanctae
410 2689 577 2757 Trinitatis,
605 2697 637 2743 ut
665 2689 749 2744 docet
775 2690 802 2743 S.
824 2683 1003 2761 Augustinus

30 2759 68 2816 lib.
87 2768 111 2822 7.
139 2770 175 2825 de
198 2768 303 2824 Triuia.
334 2783 396 2839 cap.
422 2767 467 2824 to.
520 2769 611 2840 Atqui
643 2785 680 2823 ex
711 2769 837 2839 imagine
869 2767 1004 2842 cognosci

31 2849 178 2904 naturaliter
197 2855 294 2920 potest
313 2858 504 2920 prototypus,
526 2849 601 2906 sicut
621 2849 729 2902 animal
751 2864 787 2904 ex
808 2848 938 2920 vestigio.

75 2948 270 3022 Respondetnr
293 2953 318 3007 i.
340 2955 416 3008 hano
435 2954 589 3024 imaginem
612 2953 642 3006 in
666 2968 699 3006 eo
728 2951 899 3020 consistere,
926 2951 1004 3024 quoti

31 3021 95 3083 hono
115 3033 152 3086 sit
170 3041 291 3088 naturae
312 3034 520 3104 intelligentis,
542 3033 616 3086 sicem
638 3032 730 3099 Deus,
756 3032 833 3086 nude
854 3031 931 3087 nihil
951 3048 1003 3103 po·

33 3111 71 3158 test
95 3111 206 3183 colligi,
235 3128 289 3167 neo
314 3111 538 3168 demonstrative
558 3111 694 3167 concludi
718 3111 754 3166 de
777 3111 919 3168 Trinitate
937 3127 1004 3183 per-

33 3192 295 3260 unumunurm
324 3209 357 3246 ac
386 3192 477 3252 multo
505 3193 600 3249 miuus
629 3207 666 3246 ox
692 3191 759 3248 aliis
787 3193 943 3258 creaturis,
972 3193 1004 3245 in

33 3265 117 3328 quibus
144 3271 218 3326 nihil
241 3273 412 3340 invenitur,
440 3270 520 3341 quod
548 3271 585 3328 ad
610 3269 697 3342 hujus
718 3271 851 3340 mysterii
871 3271 1004 3328 notitiam

34 3351 67 3396 tos
84 3345 179 3418 ducat,
201 3352 252 3422 qui
272 3351 350 3414 iilud
372 3353 514 3423 ignorant.

36 3494 40 3504 Ι
76 3423 267 3498 Respondetnr
281 3429 309 3486 Β.
331 3446 383 3486 uos
405 3428 562 3499 nequidem
581 3429 657 3486 scire
677 3443 772 3497 passe,
795 3429 843 3486 vel
863 3429 895 3482 iu
916 3427 1005 3484 nobis

34 3505 162 3574 litthnctn
182 3510 250 3576 Dei,
279 3510 327 3564 rel
355 3511 386 3566 iu
411 3507 545 3569 omnibus
567 3509 704 3564 arcaturis
726 3509 879 3578 vestigium
902 3506 1004 3562 Triui-

34 3579 82 3634 tatia
99 3585 235 3662 inveniri,
256 3591 321 3649 nisi
335 3587 419 3646 emes
441 3588 543 3645 dtrtne
562 3587 648 3654 itini
660 3588 822 3652 revelarat,
840 3599 904 3640 eum
920 3585 997 3640 Deus
1046 3645 1048 3651 ¹
