<?xml version="1.0" encoding="UTF-8"?>
<!DOCTYPE html PUBLIC "-//W3C//DTD XHTML 1.0 Transitional//EN"
    "http://www.w3.org/TR/xhtml1/DTD/xhtml1-transitional.dtd">
<html xmlns="http://www.w3.org/1999/xhtml" xml:lang="en" lang="en">
 <head>
  <title>
</title>
<meta http-equiv="Content-Type" content="text/html;charset=utf-8" />
  <meta name='ocr-system' content='tesseract 3.04.00' />
  <meta name='ocr-capabilities' content='ocr_page ocr_carea ocr_par ocr_line ocrx_word'/>
</head>
<body>
  <div class='ocr_page' id='page_1' title='image "./medullatheologi01abelgoog_0334.png"; bbox 0 0 2316 3892; ppageno 0'>
   <div class='ocr_carea' id='block_1_1' title="bbox 375 193 1010 268">
    <p class='ocr_par' dir='ltr' id='par_1_1' title="bbox 375 193 1010 268">
     <span class='ocr_line' id='line_1_1' title="bbox 375 193 1010 268; baseline 0.003 -8"><span class='ocrx_word' id='word_1_1' title='bbox 375 206 658 262; x_wconf 77' lang='lat' dir='ltr'><strong>orrsousnsrtoss.</strong></span> <span class='ocrx_word' id='word_1_2' title='bbox 948 193 1010 268; x_wconf 72' lang='grc'><strong>11118</strong></span> 
     </span>
    </p>
   </div>
   <div class='ocr_carea' id='block_1_2' title="bbox 14 333 1011 1282">
    <p class='ocr_par' dir='ltr' id='par_1_2' title="bbox 14 333 1011 1282">
     <span class='ocr_line' id='line_1_2' title="bbox 14 333 1011 408; baseline 0.002 -16"><span class='ocrx_word' id='word_1_3' title='bbox 14 340 238 406; x_wconf 72' lang='lat' dir='ltr'><strong>corruptionem.</strong></span> <span class='ocrx_word' id='word_1_4' title='bbox 264 338 395 404; x_wconf 56' lang='lat' dir='ltr'><strong>&#39;linem</strong></span> <span class='ocrx_word' id='word_1_5' title='bbox 425 350 498 408; x_wconf 86' lang='lat' dir='ltr'><strong>quse</strong></span> <span class='ocrx_word' id='word_1_6' title='bbox 525 341 557 390; x_wconf 88' lang='lat' dir='ltr'><strong>iit</strong></span> <span class='ocrx_word' id='word_1_7' title='bbox 584 352 644 406; x_wconf 86' lang='lat' dir='ltr'><strong>per·</strong></span> <span class='ocrx_word' id='word_1_8' title='bbox 664 341 871 408; x_wconf 81' lang='lat' dir='ltr'><strong>seperstionem</strong></span> <span class='ocrx_word' id='word_1_9' title='bbox 898 333 1011 396; x_wconf 71' lang='lat' dir='ltr'><strong>enimse</strong></span> 
     </span>
     <span class='ocr_line' id='line_1_3' title="bbox 15 408 1011 483; baseline 0.004 -13"><span class='ocrx_word' id='word_1_10' title='bbox 15 419 48 471; x_wconf 85' lang='lat' dir='ltr'><strong>sb</strong></span> <span class='ocrx_word' id='word_1_11' title='bbox 70 419 142 482; x_wconf 83' lang='lat' dir='ltr'><strong>illo,</strong></span> <span class='ocrx_word' id='word_1_12' title='bbox 165 425 194 470; x_wconf 93' lang='lat' dir='ltr'><strong>et</strong></span> <span class='ocrx_word' id='word_1_13' title='bbox 213 417 269 472; x_wconf 87' lang='lat' dir='ltr'><strong>hoe</strong></span> <span class='ocrx_word' id='word_1_14' title='bbox 283 415 384 471; x_wconf 62' lang='lat' dir='ltr'><strong>&#39;modo‘</strong></span> <span class='ocrx_word' id='word_1_15' title='bbox 398 425 454 470; x_wconf 78' lang='lat' dir='ltr'><strong>ism</strong></span> <span class='ocrx_word' id='word_1_16' title='bbox 477 425 664 483; x_wconf 74' lang='lat' dir='ltr'><strong>pertemere,</strong></span> <span class='ocrx_word' id='word_1_17' title='bbox 687 408 927 474; x_wconf 57' lang='lat' dir='ltr'><strong>&amp;irrisu-Domini</strong></span> <span class='ocrx_word' id='word_1_18' title='bbox 949 432 1011 474; x_wconf 70' lang='lat' dir='ltr'><strong>ror*</strong></span> 
     </span>
     <span class='ocr_line' id='line_1_4' title="bbox 15 495 1010 566; baseline 0.002 -16"><span class='ocrx_word' id='word_1_19' title='bbox 15 513 65 566; x_wconf 84' lang='lat' dir='ltr'><strong>pus</strong></span> <span class='ocrx_word' id='word_1_20' title='bbox 96 497 186 552; x_wconf 72' lang='lat' dir='ltr'><strong>fuisse</strong></span> <span class='ocrx_word' id='word_1_21' title='bbox 212 495 396 566; x_wconf 76' lang='lat' dir='ltr'><strong>corruptum,</strong></span> <span class='ocrx_word' id='word_1_22' title='bbox 424 511 511 566; x_wconf 84' lang='lat' dir='ltr'><strong>quem</strong></span> <span class='ocrx_word' id='word_1_23' title='bbox 539 498 633 566; x_wconf 79' lang='lat' dir='ltr'><strong>ipsum</strong></span> <span class='ocrx_word' id='word_1_24' title='bbox 655 497 800 552; x_wconf 66' lang='lat' dir='ltr'><strong>Christum</strong></span> <span class='ocrx_word' id='word_1_25' title='bbox 827 499 915 552; x_wconf 79' lang='lat' dir='ltr'><strong>fuisse</strong></span> <span class='ocrx_word' id='word_1_26' title='bbox 936 514 1010 555; x_wconf 85' lang='lat' dir='ltr'><strong>mor-</strong></span> 
     </span>
     <span class='ocr_line' id='line_1_5' title="bbox 17 576 1009 646; baseline 0.005 -17"><span class='ocrx_word' id='word_1_27' title='bbox 17 589 105 631; x_wconf 86' lang='lat' dir='ltr'><strong>tuum.</strong></span> <span class='ocrx_word' id='word_1_28' title='bbox 146 578 215 630; x_wconf 81' lang='lat' dir='ltr'><strong>Alie</strong></span> <span class='ocrx_word' id='word_1_29' title='bbox 237 577 384 645; x_wconf 78' lang='lat' dir='ltr'>corruptio</span> <span class='ocrx_word' id='word_1_30' title='bbox 405 583 448 628; x_wconf 86' lang='lat' dir='ltr'><strong>est</strong></span> <span class='ocrx_word' id='word_1_31' title='bbox 468 576 536 642; x_wconf 88' lang='lat' dir='ltr'><strong>ills</strong></span> <span class='ocrx_word' id='word_1_32' title='bbox 566 591 639 646; x_wconf 87' lang='lat' dir='ltr'><strong>quse</strong></span> <span class='ocrx_word' id='word_1_33' title='bbox 667 578 698 630; x_wconf 89' lang='lat' dir='ltr'><strong>iit</strong></span> <span class='ocrx_word' id='word_1_34' title='bbox 724 593 777 646; x_wconf 85' lang='lat' dir='ltr'><strong>per</strong></span> <span class='ocrx_word' id='word_1_35' title='bbox 804 577 1009 634; x_wconf 63' lang='lat' dir='ltr'><strong>resolutionem</strong></span> 
     </span>
     <span class='ocr_line' id='line_1_6' title="bbox 17 651 1009 726; baseline 0.004 -18"><span class='ocrx_word' id='word_1_36' title='bbox 17 651 162 726; x_wconf 88' lang='lat' dir='ltr'><strong>eorporis</strong></span> <span class='ocrx_word' id='word_1_37' title='bbox 169 656 202 708; x_wconf 80' lang='lat' dir='ltr'><strong>in</strong></span> <span class='ocrx_word' id='word_1_38' title='bbox 229 665 356 722; x_wconf 82' lang='lat' dir='ltr'><strong>vermes,</strong></span> <span class='ocrx_word' id='word_1_39' title='bbox 386 656 511 709; x_wconf 86' lang='lat' dir='ltr'><strong>eineres.</strong></span> <span class='ocrx_word' id='word_1_40' title='bbox 541 663 593 710; x_wconf 77' lang='lat' dir='ltr'><strong>aut</strong></span> <span class='ocrx_word' id='word_1_41' title='bbox 618 657 731 726; x_wconf 79' lang='lat' dir='ltr'><strong>aliquid</strong></span> <span class='ocrx_word' id='word_1_42' title='bbox 759 655 870 718; x_wconf 85' lang='lat' dir='ltr'><strong>simile</strong></span> <span class='ocrx_word' id='word_1_43' title='bbox 893 665 928 710; x_wconf 90' lang='lat' dir='ltr'><strong>et</strong></span> <span class='ocrx_word' id='word_1_44' title='bbox 955 659 1009 712; x_wconf 87' lang='lat' dir='ltr'><strong>hoe</strong></span> 
     </span>
     <span class='ocr_line' id='line_1_7' title="bbox 15 695 1010 805; baseline 0.003 -17"><span class='ocrx_word' id='word_1_45' title='bbox 15 736 102 790; x_wconf 85' lang='lat' dir='ltr'><strong>ruodo</strong></span> <span class='ocrx_word' id='word_1_46' title='bbox 128 742 241 789; x_wconf 79' lang='lat' dir='ltr'><strong>constet</strong></span> <span class='ocrx_word' id='word_1_47' title='bbox 270 749 305 788; x_wconf 87' lang='lat' dir='ltr'><strong>ex</strong></span> <span class='ocrx_word' id='word_1_48' title='bbox 326 695 414 795; x_wconf 78' lang='lat' dir='ltr'><strong>liide</strong></span> <span class='ocrx_word' id='word_1_49' title='bbox 445 715 551 788; x_wconf 71' lang='lat' dir='ltr'><strong>Christi</strong></span> <span class='ocrx_word' id='word_1_50' title='bbox 574 733 691 790; x_wconf 79' lang='lat' dir='ltr'><strong>Domini</strong></span> <span class='ocrx_word' id='word_1_51' title='bbox 712 751 820 805; x_wconf 85' lang='lat' dir='ltr'><strong>corpus</strong></span> <span class='ocrx_word' id='word_1_52' title='bbox 841 749 898 789; x_wconf 89' lang='lat' dir='ltr'><strong>non</strong></span> <span class='ocrx_word' id='word_1_53' title='bbox 921 738 1010 791; x_wconf 82' lang='lat' dir='ltr'><strong>inisse</strong></span> 
     </span>
     <span class='ocr_line' id='line_1_8' title="bbox 16 813 1010 885; baseline 0.002 -18"><span class='ocrx_word' id='word_1_54' title='bbox 16 824 201 883; x_wconf 79' lang='lat' dir='ltr'><strong>corruptum,</strong></span> <span class='ocrx_word' id='word_1_55' title='bbox 228 814 314 885; x_wconf 81' lang='lat' dir='ltr'><strong>juxte</strong></span> <span class='ocrx_word' id='word_1_56' title='bbox 342 813 418 867; x_wconf 87' lang='lat' dir='ltr'><strong>illud</strong></span> <span class='ocrx_word' id='word_1_57' title='bbox 447 813 492 868; x_wconf 85' lang='lat' dir='ltr'><strong>Ps.</strong></span> <span class='ocrx_word' id='word_1_58' title='bbox 518 813 562 868; x_wconf 77' lang='lat' dir='ltr'><strong>iis.</strong></span> <span class='ocrx_word' id='word_1_59' title='bbox 595 814 658 868; x_wconf 84' lang='lat' dir='ltr'><strong>Nem</strong></span> <span class='ocrx_word' id='word_1_60' title='bbox 684 815 763 870; x_wconf 79' lang='lat' dir='ltr'><strong>debis</strong></span> <span class='ocrx_word' id='word_1_61' title='bbox 790 825 910 868; x_wconf 77' lang='lat' dir='ltr'><strong>sonetum</strong></span> <span class='ocrx_word' id='word_1_62' title='bbox 937 827 1010 869; x_wconf 80' lang='lat' dir='ltr'><strong>tuum</strong></span> 
     </span>
     <span class='ocr_line' id='line_1_9' title="bbox 15 893 1011 964; baseline 0.003 -18"><span class='ocrx_word' id='word_1_63' title='bbox 15 897 105 950; x_wconf 82' lang='lat' dir='ltr'><strong>videre</strong></span> <span class='ocrx_word' id='word_1_64' title='bbox 125 896 339 964; x_wconf 62' lang='lat' dir='ltr'><strong>correptionem</strong></span> <span class='ocrx_word' id='word_1_65' title='bbox 367 895 444 946; x_wconf 87' lang='lat' dir='ltr'><strong>hune</strong></span> <span class='ocrx_word' id='word_1_66' title='bbox 465 893 541 947; x_wconf 91' lang='lat' dir='ltr'><strong>enim</strong></span> <span class='ocrx_word' id='word_1_67' title='bbox 563 894 658 948; x_wconf 81' lang='lat' dir='ltr'><strong>locum</strong></span> <span class='ocrx_word' id='word_1_68' title='bbox 680 894 708 949; x_wconf 85' lang='grc'><strong>8.</strong></span> <span class='ocrx_word' id='word_1_69' title='bbox 731 895 831 949; x_wconf 91' lang='lat' dir='ltr'><strong>Petrus</strong></span> <span class='ocrx_word' id='word_1_70' title='bbox 851 896 916 948; x_wconf 71' lang='lat' dir='ltr'><strong>liet.</strong></span> <span class='ocrx_word' id='word_1_71' title='bbox 931 895 959 949; x_wconf 74' lang='grc'><strong>8.</strong></span> <span class='ocrx_word' id='word_1_72' title='bbox 982 905 1011 949; x_wconf 87' lang='lat' dir='ltr'><strong>et</strong></span> 
     </span>
     <span class='ocr_line' id='line_1_10' title="bbox 15 971 1008 1054; baseline 0.003 -29"><span class='ocrx_word' id='word_1_73' title='bbox 15 973 121 1028; x_wconf 83' lang='lat' dir='ltr'><strong>Psuins</strong></span> <span class='ocrx_word' id='word_1_74' title='bbox 156 987 219 1043; x_wconf 86' lang='lat' dir='ltr'><strong>esp.</strong></span> <span class='ocrx_word' id='word_1_75' title='bbox 257 971 302 1026; x_wconf 81' lang='grc'><strong>13.</strong></span> <span class='ocrx_word' id='word_1_76' title='bbox 338 973 374 1026; x_wconf 86' lang='lat' dir='ltr'><strong>de</strong></span> <span class='ocrx_word' id='word_1_77' title='bbox 408 973 516 1026; x_wconf 81' lang='lat' dir='ltr'><strong>Christi</strong></span> <span class='ocrx_word' id='word_1_78' title='bbox 551 987 670 1041; x_wconf 84' lang='lat' dir='ltr'><strong>corpore</strong></span> <span class='ocrx_word' id='word_1_79' title='bbox 705 983 817 1028; x_wconf 74' lang='lat' dir='ltr'><strong>mortuo</strong></span> <span class='ocrx_word' id='word_1_80' title='bbox 851 972 1008 1054; x_wconf 81' lang='lat' dir='ltr'><strong>expo&#39;sunt</strong></span> 
     </span>
     <span class='ocr_line' id='line_1_11' title="bbox 16 1051 1010 1128; baseline 0.003 -23"><span class='ocrx_word' id='word_1_81' title='bbox 16 1053 167 1124; x_wconf 88' lang='lat' dir='ltr'><strong>Additqne</strong></span> <span class='ocrx_word' id='word_1_82' title='bbox 195 1052 224 1106; x_wconf 87' lang='grc'><strong>8.</strong></span> <span class='ocrx_word' id='word_1_83' title='bbox 248 1052 356 1107; x_wconf 71' lang='lat' dir='ltr'><strong>Ductor</strong></span> <span class='ocrx_word' id='word_1_84' title='bbox 386 1064 488 1120; x_wconf 84' lang='lat' dir='ltr'><strong>supro,</strong></span> <span class='ocrx_word' id='word_1_85' title='bbox 521 1066 579 1106; x_wconf 83' lang='lat' dir='ltr'><strong>uon</strong></span> <span class='ocrx_word' id='word_1_86' title='bbox 610 1051 740 1107; x_wconf 86' lang='lat' dir='ltr'><strong>deenisse</strong></span> <span class='ocrx_word' id='word_1_87' title='bbox 772 1053 943 1108; x_wconf 76' lang='lat' dir='ltr'><strong>Christum</strong></span> <span class='ocrx_word' id='word_1_88' title='bbox 939 1056 1010 1128; x_wconf 83' lang='lat' dir='ltr'><strong>poti</strong></span> 
     </span>
     <span class='ocr_line' id='line_1_12' title="bbox 15 1131 1010 1202; baseline 0.001 -17"><span class='ocrx_word' id='word_1_89' title='bbox 15 1133 229 1202; x_wconf 76' lang='lat' dir='ltr'><strong>corruptionem</strong></span> <span class='ocrx_word' id='word_1_90' title='bbox 256 1133 287 1184; x_wconf 87' lang='lat' dir='ltr'><strong>iu</strong></span> <span class='ocrx_word' id='word_1_91' title='bbox 317 1145 451 1200; x_wconf 69' lang='lat' dir='ltr'><strong>corpore,</strong></span> <span class='ocrx_word' id='word_1_92' title='bbox 481 1145 517 1184; x_wconf 90' lang='lat' dir='ltr'><strong>ne</strong></span> <span class='ocrx_word' id='word_1_93' title='bbox 547 1146 621 1185; x_wconf 83' lang='lat' dir='ltr'><strong>mors</strong></span> <span class='ocrx_word' id='word_1_94' title='bbox 641 1131 706 1201; x_wconf 84' lang='lat' dir='ltr'><strong>&#39;ejus</strong></span> <span class='ocrx_word' id='word_1_95' title='bbox 726 1135 822 1201; x_wconf 84' lang='lat' dir='ltr'><strong>potitis</strong></span> <span class='ocrx_word' id='word_1_96' title='bbox 844 1135 1010 1187; x_wconf 66' lang='lat' dir='ltr'><strong>necessitati</strong></span> 
     </span>
     <span class='ocr_line' id='line_1_13' title="bbox 16 1209 995 1282; baseline -0.001 -18"><span class='ocrx_word' id='word_1_97' title='bbox 16 1227 98 1282; x_wconf 82' lang='lat' dir='ltr'><strong>quem</strong></span> <span class='ocrx_word' id='word_1_98' title='bbox 120 1212 267 1266; x_wconf 73' lang='lat' dir='ltr'><strong>voluntati</strong></span> <span class='ocrx_word' id='word_1_99' title='bbox 290 1209 536 1266; x_wconf 77' lang='lat' dir='ltr'><strong>adscriberetur.</strong></span> <span class='ocrx_word' id='word_1_100' title='bbox 611 1241 614 1248; x_wconf 91' lang='lat'>·</span> <span class='ocrx_word' id='word_1_101' title='bbox 897 1232 900 1240; x_wconf 90' lang='lat'>·</span> <span class='ocrx_word' id='word_1_102' title='bbox 990 1235 995 1247; x_wconf 79' lang='lat'>=</span> 
     </span>
    </p>
   </div>
   <div class='ocr_carea' id='block_1_3' title="bbox 133 1423 1003 1644">
    <p class='ocr_par' dir='ltr' id='par_1_3' title="bbox 133 1423 1003 1644">
     <span class='ocr_line' id='line_1_14' title="bbox 284 1423 711 1493; baseline -0.012 -2"><span class='ocrx_word' id='word_1_103' title='bbox 284 1469 286 1477; x_wconf 36' lang='grc' dir='ltr'><strong><em>ι</em></strong></span> <span class='ocrx_word' id='word_1_104' title='bbox 360 1423 589 1493; x_wconf 71' lang='lat' dir='ltr'><strong>suenio</strong></span> <span class='ocrx_word' id='word_1_105' title='bbox 633 1425 671 1490; x_wconf 92' lang='lat' dir='ltr'><strong>V.</strong></span> <span class='ocrx_word' id='word_1_106' title='bbox 708 1479 711 1486; x_wconf 91' lang='lat'>.</span> 
     </span>
     <span class='ocr_line' id='line_1_15' title="bbox 133 1548 1003 1644; baseline 0 -34"><span class='ocrx_word' id='word_1_107' title='bbox 133 1548 185 1610; x_wconf 80' lang='lat' dir='ltr'><strong>lle</strong></span> <span class='ocrx_word' id='word_1_108' title='bbox 208 1551 331 1611; x_wconf 74' lang='lat' dir='ltr'><strong>cernet</strong></span> <span class='ocrx_word' id='word_1_109' title='bbox 351 1549 485 1610; x_wconf 81' lang='lat' dir='ltr'><strong>Domini</strong></span> <span class='ocrx_word' id='word_1_110' title='bbox 509 1551 741 1633; x_wconf 79' lang='lat' dir='ltr'><strong>desosnsu&#39;sd</strong></span> <span class='ocrx_word' id='word_1_111' title='bbox 763 1553 896 1611; x_wconf 84' lang='lat' dir='ltr'><strong>interos.</strong></span> <span class='ocrx_word' id='word_1_112' title='bbox 979 1557 1003 1644; x_wconf 34' lang='grc' dir='ltr'><strong>’Ξ</strong></span> 
     </span>
    </p>
   </div>
   <div class='ocr_carea' id='block_1_4' title="bbox 13 1683 1058 3658">
    <p class='ocr_par' dir='ltr' id='par_1_4' title="bbox 13 1683 1029 2388">
     <span class='ocr_line' id='line_1_16' title="bbox 72 1683 1029 1760; baseline 0.001 -21"><span class='ocrx_word' id='word_1_113' title='bbox 72 1685 98 1739; x_wconf 92' lang='grc'><strong>1.</strong></span> <span class='ocrx_word' id='word_1_114' title='bbox 146 1686 261 1738; x_wconf 82' lang='lat' dir='ltr'><strong>Certum</strong></span> <span class='ocrx_word' id='word_1_115' title='bbox 284 1693 327 1737; x_wconf 93' lang='lat' dir='ltr'><strong>est</strong></span> <span class='ocrx_word' id='word_1_116' title='bbox 347 1697 383 1736; x_wconf 84' lang='lat' dir='ltr'><strong>err</strong></span> <span class='ocrx_word' id='word_1_117' title='bbox 401 1683 484 1749; x_wconf 82' lang='lat' dir='ltr'><strong>Fide,</strong></span> <span class='ocrx_word' id='word_1_118' title='bbox 507 1685 653 1739; x_wconf 66' lang='lat' dir='ltr'><strong>Christum</strong></span> <span class='ocrx_word' id='word_1_119' title='bbox 678 1685 830 1738; x_wconf 80' lang='lat' dir='ltr'><strong>Dominum</strong></span> <span class='ocrx_word' id='word_1_120' title='bbox 852 1685 1029 1760; x_wconf 75' lang='lat' dir='ltr'><strong>seeundum¹</strong></span> 
     </span>
     <span class='ocr_line' id='line_1_17' title="bbox 17 1761 1010 1832; baseline 0.004 -16"><span class='ocrx_word' id='word_1_121' title='bbox 17 1765 142 1819; x_wconf 78' lang='lat' dir='ltr'><strong>solmam</strong></span> <span class='ocrx_word' id='word_1_122' title='bbox 164 1779 231 1817; x_wconf 81' lang='lat' dir='ltr'><strong>rere</strong></span> <span class='ocrx_word' id='word_1_123' title='bbox 252 1773 279 1815; x_wconf 86' lang='lat' dir='ltr'><strong>et</strong></span> <span class='ocrx_word' id='word_1_124' title='bbox 300 1763 417 1832; x_wconf 88' lang='lat' dir='ltr'><strong>proprie</strong></span> <span class='ocrx_word' id='word_1_125' title='bbox 438 1761 620 1818; x_wconf 70' lang='lat' dir='ltr'><strong>despondisse</strong></span> <span class='ocrx_word' id='word_1_126' title='bbox 642 1763 678 1817; x_wconf 86' lang='lat' dir='ltr'><strong>ed</strong></span> <span class='ocrx_word' id='word_1_127' title='bbox 703 1763 825 1828; x_wconf 73' lang='lat' dir='ltr'><strong>interos,</strong></span> <span class='ocrx_word' id='word_1_128' title='bbox 856 1781 912 1819; x_wconf 90' lang='lat' dir='ltr'><strong>non</strong></span> <span class='ocrx_word' id='word_1_129' title='bbox 943 1779 1010 1820; x_wconf 79' lang='lat' dir='ltr'><strong>voro</strong></span> 
     </span>
     <span class='ocr_line' id='line_1_18' title="bbox 16 1843 1010 1914; baseline 0.002 -16"><span class='ocrx_word' id='word_1_130' title='bbox 16 1845 211 1914; x_wconf 78' lang='lat' dir='ltr'><strong>metaphorice</strong></span> <span class='ocrx_word' id='word_1_131' title='bbox 232 1851 357 1907; x_wconf 78' lang='lat' dir='ltr'><strong>tentum,</strong></span> <span class='ocrx_word' id='word_1_132' title='bbox 381 1851 420 1894; x_wconf 82' lang='lat' dir='ltr'><strong>ut·</strong></span> <span class='ocrx_word' id='word_1_133' title='bbox 432 1843 506 1896; x_wconf 84' lang='lat' dir='ltr'><strong>islso</strong></span> <span class='ocrx_word' id='word_1_134' title='bbox 527 1843 605 1898; x_wconf 83' lang='lat' dir='ltr'><strong>hune</strong></span> <span class='ocrx_word' id='word_1_135' title='bbox 621 1844 753 1912; x_wconf 74' lang='lat' dir='ltr'><strong>symboli</strong></span> <span class='ocrx_word' id='word_1_136' title='bbox 768 1845 922 1901; x_wconf 78' lang='lat' dir='ltr'><strong>ernestum</strong></span> <span class='ocrx_word' id='word_1_137' title='bbox 938 1845 1010 1900; x_wconf 80' lang='lat' dir='ltr'><strong>lise·-</strong></span> 
     </span>
     <span class='ocr_line' id='line_1_19' title="bbox 14 1921 1009 1992; baseline 0.003 -17"><span class='ocrx_word' id='word_1_138' title='bbox 14 1925 90 1978; x_wconf 89' lang='lat' dir='ltr'><strong>retiei</strong></span> <span class='ocrx_word' id='word_1_139' title='bbox 119 1924 370 1992; x_wconf 60' lang='lat' dir='ltr'><strong>interpretamus*</strong></span> <span class='ocrx_word' id='word_1_140' title='bbox 405 1921 545 1989; x_wconf 84' lang='lat' dir='ltr'><strong>Quorum</strong></span> <span class='ocrx_word' id='word_1_141' title='bbox 564 1923 657 1991; x_wconf 84' lang='lat' dir='ltr'><strong>sliqui</strong></span> <span class='ocrx_word' id='word_1_142' title='bbox 686 1922 804 1989; x_wconf 74' lang='lat' dir='ltr'><strong>dieunt,</strong></span> <span class='ocrx_word' id='word_1_143' title='bbox 825 1921 1009 1979; x_wconf 50' lang='lat' dir='ltr'><strong>sdesoendere</strong></span> 
     </span>
     <span class='ocr_line' id='line_1_20' title="bbox 16 2001 1008 2072; baseline 0.001 -17"><span class='ocrx_word' id='word_1_144' title='bbox 16 2001 48 2056; x_wconf 84' lang='lat' dir='ltr'><strong>sd</strong></span> <span class='ocrx_word' id='word_1_145' title='bbox 69 2003 181 2056; x_wconf 74' lang='lat' dir='ltr'><strong>inferos</strong></span> <span class='ocrx_word' id='word_1_146' title='bbox 202 2001 282 2056; x_wconf 87' lang='lat' dir='ltr'><strong>idem</strong></span> <span class='ocrx_word' id='word_1_147' title='bbox 302 2011 365 2055; x_wconf 85' lang='lat' dir='ltr'><strong>esse</strong></span> <span class='ocrx_word' id='word_1_148' title='bbox 385 2017 418 2054; x_wconf 88' lang='lat' dir='ltr'><strong>se</strong></span> <span class='ocrx_word' id='word_1_149' title='bbox 438 2001 653 2065; x_wconf 47' lang='lat' dir='ltr'><strong>interires-elii</strong></span> <span class='ocrx_word' id='word_1_150' title='bbox 673 2001 751 2056; x_wconf 88' lang='lat' dir='ltr'><strong>idem</strong></span> <span class='ocrx_word' id='word_1_151' title='bbox 773 2015 834 2055; x_wconf 86' lang='lat' dir='ltr'><strong>esse</strong></span> <span class='ocrx_word' id='word_1_152' title='bbox 857 2017 892 2056; x_wconf 84' lang='lat' dir='ltr'><strong>se</strong></span> <span class='ocrx_word' id='word_1_153' title='bbox 911 2006 1008 2072; x_wconf 82' lang='lat' dir='ltr'><strong>sepel—</strong></span> 
     </span>
     <span class='ocr_line' id='line_1_21' title="bbox 14 2079 1006 2150; baseline 0.006 -18"><span class='ocrx_word' id='word_1_154' title='bbox 14 2087 88 2136; x_wconf 87' lang='lat' dir='ltr'><strong>turse</strong></span> <span class='ocrx_word' id='word_1_155' title='bbox 111 2081 201 2148; x_wconf 74' lang='lat' dir='ltr'><strong>tradi,</strong></span> <span class='ocrx_word' id='word_1_156' title='bbox 224 2081 276 2135; x_wconf 85' lang='lat' dir='ltr'><strong>elii</strong></span> <span class='ocrx_word' id='word_1_157' title='bbox 298 2079 423 2150; x_wconf 83' lang='lat' dir='ltr'><strong>deniqne</strong></span> <span class='ocrx_word' id='word_1_158' title='bbox 442 2082 570 2138; x_wconf 86' lang='lat' dir='ltr'><strong>omnium</strong></span> <span class='ocrx_word' id='word_1_159' title='bbox 586 2079 757 2149; x_wconf 85' lang='lat' dir='ltr'><strong>impiissime</strong></span> <span class='ocrx_word' id='word_1_160' title='bbox 770 2095 826 2149; x_wconf 91' lang='lat' dir='ltr'><strong>per</strong></span> <span class='ocrx_word' id='word_1_161' title='bbox 838 2080 1006 2138; x_wconf 68' lang='lat' dir='ltr'><strong>deseruerim</strong></span> 
     </span>
     <span class='ocr_line' id='line_1_22' title="bbox 13 2155 1008 2231; baseline 0.001 -17"><span class='ocrx_word' id='word_1_162' title='bbox 13 2160 117 2216; x_wconf 76' lang='lat' dir='ltr'><strong>Christi</strong></span> <span class='ocrx_word' id='word_1_163' title='bbox 140 2160 180 2214; x_wconf 76' lang='lat' dir='ltr'><strong>sd</strong></span> <span class='ocrx_word' id='word_1_164' title='bbox 199 2162 308 2214; x_wconf 79' lang='lat' dir='ltr'><strong>inferos</strong></span> <span class='ocrx_word' id='word_1_165' title='bbox 329 2161 493 2231; x_wconf 78' lang='lat' dir='ltr'><strong>signidem-i·</strong></span> <span class='ocrx_word' id='word_1_166' title='bbox 508 2171 653 2225; x_wconf 88' lang='lat' dir='ltr'><strong>sssernut,</strong></span> <span class='ocrx_word' id='word_1_167' title='bbox 680 2158 788 2214; x_wconf 79' lang='lat' dir='ltr'><strong>Christi</strong></span> <span class='ocrx_word' id='word_1_168' title='bbox 809 2155 934 2214; x_wconf 75' lang='lat' dir='ltr'><strong>enimam</strong></span> <span class='ocrx_word' id='word_1_169' title='bbox 957 2161 1008 2216; x_wconf 77' lang='lat' dir='ltr'><strong>do-</strong></span> 
     </span>
     <span class='ocr_line' id='line_1_23' title="bbox 13 2239 1006 2310; baseline 0.002 -18"><span class='ocrx_word' id='word_1_170' title='bbox 13 2240 140 2295; x_wconf 78' lang='lat' dir='ltr'><strong>teresse</strong></span> <span class='ocrx_word' id='word_1_171' title='bbox 167 2239 397 2310; x_wconf 70' lang='lat' dir='ltr'><strong>desperationem</strong></span> <span class='ocrx_word' id='word_1_172' title='bbox 426 2239 585 2296; x_wconf 73' lang='lat' dir='ltr'><strong>animarum</strong></span> <span class='ocrx_word' id='word_1_173' title='bbox 615 2239 813 2294; x_wconf 74' lang='lat' dir='ltr'><strong>dementatum</strong></span> <span class='ocrx_word' id='word_1_174' title='bbox 842 2240 1006 2308; x_wconf 69' lang='lat' dir='ltr'><strong>pertulisse.</strong></span> 
     </span>
     <span class='ocr_line' id='line_1_24' title="bbox 14 2317 976 2388; baseline 0.003 -18"><span class='ocrx_word' id='word_1_175' title='bbox 14 2319 52 2373; x_wconf 87' lang='lat' dir='ltr'><strong>lts</strong></span> <span class='ocrx_word' id='word_1_176' title='bbox 73 2320 219 2375; x_wconf 79' lang='lat' dir='ltr'><strong>Calvinus</strong></span> <span class='ocrx_word' id='word_1_177' title='bbox 241 2319 293 2372; x_wconf 72' lang='lat' dir='ltr'><strong>liis.</strong></span> <span class='ocrx_word' id='word_1_178' title='bbox 310 2318 336 2371; x_wconf 74' lang='lat'><strong>2.</strong></span> <span class='ocrx_word' id='word_1_179' title='bbox 360 2319 395 2373; x_wconf 88' lang='lat' dir='ltr'><strong>de</strong></span> <span class='ocrx_word' id='word_1_180' title='bbox 416 2318 509 2372; x_wconf 89' lang='lat' dir='ltr'><strong>Instit.</strong></span> <span class='ocrx_word' id='word_1_181' title='bbox 533 2331 596 2387; x_wconf 85' lang='lat' dir='ltr'><strong>esp.</strong></span> <span class='ocrx_word' id='word_1_182' title='bbox 615 2318 660 2372; x_wconf 85' lang='lat' dir='ltr'><strong>to.</strong></span> <span class='ocrx_word' id='word_1_183' title='bbox 683 2317 706 2388; x_wconf 66' lang='grc' dir='ltr'><strong>ς.</strong></span> <span class='ocrx_word' id='word_1_184' title='bbox 721 2317 749 2372; x_wconf 82' lang='grc'><strong>8.</strong></span> <span class='ocrx_word' id='word_1_185' title='bbox 770 2329 800 2372; x_wconf 84' lang='lat' dir='ltr'><strong>et</strong></span> <span class='ocrx_word' id='word_1_186' title='bbox 821 2327 976 2388; x_wconf 83' lang='lat' dir='ltr'><strong>sequente.-</strong></span> 
     </span>
    </p>

    <p class='ocr_par' dir='ltr' id='par_1_5' title="bbox 15 2397 1058 3182">
     <span class='ocr_line' id='line_1_25' title="bbox 70 2397 1009 2466; baseline -0.001 -13"><span class='ocrx_word' id='word_1_187' title='bbox 70 2399 232 2453; x_wconf 84' lang='lat' dir='ltr'><strong>Reiellitur</strong></span> <span class='ocrx_word' id='word_1_188' title='bbox 259 2399 330 2453; x_wconf 84' lang='lat' dir='ltr'><strong>hsee</strong></span> <span class='ocrx_word' id='word_1_189' title='bbox 357 2397 556 2466; x_wconf 78' lang='lat' dir='ltr'><strong>blesphemis‚</strong></span> <span class='ocrx_word' id='word_1_190' title='bbox 588 2406 616 2452; x_wconf 88' lang='lat' dir='ltr'><strong>et</strong></span> <span class='ocrx_word' id='word_1_191' title='bbox 648 2407 761 2452; x_wconf 81' lang='lat' dir='ltr'><strong>nostroe</strong></span> <span class='ocrx_word' id='word_1_192' title='bbox 788 2397 871 2452; x_wconf 75' lang='lat' dir='ltr'><strong>Fidei</strong></span> <span class='ocrx_word' id='word_1_193' title='bbox 904 2400 1009 2452; x_wconf 81' lang='lat' dir='ltr'><strong>veritus</strong></span> 
     </span>
     <span class='ocr_line' id='line_1_26' title="bbox 16 2471 1010 2547; baseline -0.002 -14"><span class='ocrx_word' id='word_1_194' title='bbox 16 2478 197 2546; x_wconf 72' lang='lat' dir='ltr'><strong>probaturi.</strong></span> <span class='ocrx_word' id='word_1_195' title='bbox 227 2493 264 2531; x_wconf 85' lang='lat' dir='ltr'><strong>ex</strong></span> <span class='ocrx_word' id='word_1_196' title='bbox 291 2477 462 2546; x_wconf 72' lang='lat' dir='ltr'><strong>Scriptura.-</strong></span> <span class='ocrx_word' id='word_1_197' title='bbox 498 2478 526 2531; x_wconf 86' lang='grc'><strong>8.</strong></span> <span class='ocrx_word' id='word_1_198' title='bbox 548 2476 649 2530; x_wconf 81' lang='lat' dir='ltr'><strong>Motth.</strong></span> <span class='ocrx_word' id='word_1_199' title='bbox 674 2471 721 2531; x_wconf 77' lang='lat'><strong>12.</strong></span> <span class='ocrx_word' id='word_1_200' title='bbox 749 2477 825 2532; x_wconf 71' lang='lat' dir='ltr'><strong>seut</strong></span> <span class='ocrx_word' id='word_1_201' title='bbox 846 2477 906 2547; x_wconf 78' lang='lat' dir='ltr'><strong>snit</strong></span> <span class='ocrx_word' id='word_1_202' title='bbox 924 2477 1010 2531; x_wconf 77' lang='lat' dir='ltr'><strong>¹intutis</strong></span> 
     </span>
     <span class='ocr_line' id='line_1_27' title="bbox 15 2555 1009 2612; baseline -0.001 -2"><span class='ocrx_word' id='word_1_203' title='bbox 15 2560 38 2610; x_wconf 81' lang='lat' dir='ltr'><strong>in</strong></span> <span class='ocrx_word' id='word_1_204' title='bbox 57 2560 229 2612; x_wconf 79' lang='lat' dir='ltr'><strong>oentrs‘eets&#39;</strong></span> <span class='ocrx_word' id='word_1_205' title='bbox 249 2557 334 2610; x_wconf 77' lang='lat' dir='ltr'><strong>tribus</strong></span> <span class='ocrx_word' id='word_1_206' title='bbox 354 2557 448 2610; x_wconf 75' lang='lat' dir='ltr'><strong>diebos</strong></span> <span class='ocrx_word' id='word_1_207' title='bbox 468 2567 516 2612; x_wconf 81' lang='lat' dir='ltr'><strong>ste.</strong></span> <span class='ocrx_word' id='word_1_208' title='bbox 538 2557 578 2611; x_wconf 84' lang='lat' dir='ltr'><strong>rie</strong></span> <span class='ocrx_word' id='word_1_209' title='bbox 592 2555 742 2610; x_wconf 69' lang='lat' dir='ltr'><strong>erit-iilius</strong></span> <span class='ocrx_word' id='word_1_210' title='bbox 757 2558 870 2610; x_wconf 80' lang='lat' dir='ltr'><strong>leminis</strong></span> <span class='ocrx_word' id='word_1_211' title='bbox 883 2558 912 2609; x_wconf 81' lang='lat' dir='ltr'><strong>in</strong></span> <span class='ocrx_word' id='word_1_212' title='bbox 929 2559 1009 2610; x_wconf 78' lang='lat' dir='ltr'><strong>eorde</strong></span> 
     </span>
     <span class='ocr_line' id='line_1_28' title="bbox 15 2633 1008 2707; baseline 0.002 -19"><span class='ocrx_word' id='word_1_213' title='bbox 15 2647 99 2693; x_wconf 76' lang='lat' dir='ltr'><strong>teras</strong></span> <span class='ocrx_word' id='word_1_214' title='bbox 130 2635 291 2692; x_wconf 73' lang='lat' dir='ltr'><strong>stetini</strong></span> <span class='ocrx_word' id='word_1_215' title='bbox 318 2648 370 2704; x_wconf 89' lang='lat' dir='ltr'><strong>per</strong></span> <span class='ocrx_word' id='word_1_216' title='bbox 397 2649 446 2690; x_wconf 86' lang='lat' dir='ltr'><strong>eor</strong></span> <span class='ocrx_word' id='word_1_217' title='bbox 466 2637 605 2691; x_wconf 77' lang='lat' dir='ltr'><strong>tereres</strong></span> <span class='ocrx_word' id='word_1_218' title='bbox 629 2636 820 2707; x_wconf 77' lang='lat' dir='ltr'><strong>Hieronymus</strong></span> <span class='ocrx_word' id='word_1_219' title='bbox 841 2638 873 2690; x_wconf 90' lang='lat' dir='ltr'><strong>in</strong></span> <span class='ocrx_word' id='word_1_220' title='bbox 892 2651 959 2706; x_wconf 77' lang='lat' dir='ltr'><strong>esp.</strong></span> <span class='ocrx_word' id='word_1_221' title='bbox 980 2633 1008 2690; x_wconf 71' lang='grc'><strong>8.</strong></span> 
     </span>
     <span class='ocr_line' id='line_1_29' title="bbox 16 2712 1010 2808; baseline -0.001 -37"><span class='ocrx_word' id='word_1_222' title='bbox 16 2717 104 2772; x_wconf 80' lang='lat' dir='ltr'><strong>lonae</strong></span> <span class='ocrx_word' id='word_1_223' title='bbox 127 2716 275 2772; x_wconf 81' lang='lat' dir='ltr'><strong>infernum</strong></span> <span class='ocrx_word' id='word_1_224' title='bbox 297 2712 445 2808; x_wconf 79' lang='lat' dir='ltr'><strong>intelligit.</strong></span> <span class='ocrx_word' id='word_1_225' title='bbox 486 2716 523 2770; x_wconf 84' lang='lat' dir='ltr'><strong>Et</strong></span> <span class='ocrx_word' id='word_1_226' title='bbox 544 2715 582 2769; x_wconf 87' lang='lat' dir='ltr'><strong>sd</strong></span> <span class='ocrx_word' id='word_1_227' title='bbox 603 2715 743 2786; x_wconf 84' lang='lat' dir='ltr'><strong>Ephesios</strong></span> <span class='ocrx_word' id='word_1_228' title='bbox 765 2717 792 2770; x_wconf 84' lang='lat'><strong>4.</strong></span> <span class='ocrx_word' id='word_1_229' title='bbox 825 2716 901 2778; x_wconf 75' lang='lat' dir='ltr'><strong>Quod</strong></span> <span class='ocrx_word' id='word_1_230' title='bbox 921 2725 1010 2770; x_wconf 80' lang='lat' dir='ltr'><strong>eutem</strong></span> 
     </span>
     <span class='ocr_line' id='line_1_30' title="bbox 16 2795 1011 2866; baseline -0.002 -16"><span class='ocrx_word' id='word_1_231' title='bbox 16 2799 151 2858; x_wconf 81' lang='lat' dir='ltr'><strong>escendit,</strong></span> <span class='ocrx_word' id='word_1_232' title='bbox 182 2797 248 2866; x_wconf 83' lang='lat' dir='ltr'><strong>quid</strong></span> <span class='ocrx_word' id='word_1_233' title='bbox 268 2804 321 2856; x_wconf 83' lang='lat' dir='ltr'><strong>est,</strong></span> <span class='ocrx_word' id='word_1_234' title='bbox 350 2797 405 2848; x_wconf 78' lang='lat' dir='ltr'><strong>nisi</strong></span> <span class='ocrx_word' id='word_1_235' title='bbox 424 2797 488 2865; x_wconf 78' lang='lat' dir='ltr'><strong>puio</strong></span> <span class='ocrx_word' id='word_1_236' title='bbox 509 2805 534 2849; x_wconf 85' lang='lat' dir='ltr'><strong>et</strong></span> <span class='ocrx_word' id='word_1_237' title='bbox 555 2797 694 2850; x_wconf 68' lang='lat' dir='ltr'><strong>deseendit</strong></span> <span class='ocrx_word' id='word_1_238' title='bbox 706 2797 856 2866; x_wconf 80' lang='lat' dir='ltr'><strong>primom&#39;</strong></span> <span class='ocrx_word' id='word_1_239' title='bbox 846 2813 876 2848; x_wconf 81' lang='lat' dir='ltr'><strong>sn</strong></span> <span class='ocrx_word' id='word_1_240' title='bbox 895 2795 1011 2866; x_wconf 80' lang='lat' dir='ltr'><strong>inferio-</strong></span> 
     </span>
     <span class='ocr_line' id='line_1_31' title="bbox 15 2865 1058 2948; baseline 0.002 -22"><span class='ocrx_word' id='word_1_241' title='bbox 15 2885 173 2948; x_wconf 70' lang='lat' dir='ltr'><strong>respersos</strong></span> <span class='ocrx_word' id='word_1_242' title='bbox 194 2865 304 2928; x_wconf 66' lang='lat' dir='ltr'><strong>temni!</strong></span> <span class='ocrx_word' id='word_1_243' title='bbox 334 2873 424 2940; x_wconf 81' lang='lat' dir='ltr'><strong>Quem</strong></span> <span class='ocrx_word' id='word_1_244' title='bbox 446 2875 541 2928; x_wconf 85' lang='lat' dir='ltr'><strong>loentn</strong></span> <span class='ocrx_word' id='word_1_245' title='bbox 564 2874 600 2928; x_wconf 89' lang='lat' dir='ltr'><strong>de</strong></span> <span class='ocrx_word' id='word_1_246' title='bbox 615 2874 722 2928; x_wconf 79' lang='lat' dir='ltr'><strong>ilhristi</strong></span> <span class='ocrx_word' id='word_1_247' title='bbox 738 2875 856 2930; x_wconf 90' lang='lat' dir='ltr'><strong>Domini</strong></span> <span class='ocrx_word' id='word_1_248' title='bbox 870 2873 1010 2929; x_wconf 71' lang='lat' dir='ltr'><strong>descensu</strong></span> <span class='ocrx_word' id='word_1_249' title='bbox 1055 2901 1058 2909; x_wconf 91' lang='lat'>·</span> 
     </span>
     <span class='ocr_line' id='line_1_32' title="bbox 17 2953 1009 3026; baseline -0.001 -18"><span class='ocrx_word' id='word_1_250' title='bbox 17 2956 45 3010; x_wconf 86' lang='lat' dir='ltr'><strong>sd</strong></span> <span class='ocrx_word' id='word_1_251' title='bbox 75 2955 193 3010; x_wconf 79' lang='lat' dir='ltr'><strong>inferos</strong></span> <span class='ocrx_word' id='word_1_252' title='bbox 225 2964 375 3023; x_wconf 69' lang='lat' dir='ltr'><strong>exponunt</strong></span> <span class='ocrx_word' id='word_1_253' title='bbox 403 2953 430 3010; x_wconf 83' lang='grc'><strong>8.</strong></span> <span class='ocrx_word' id='word_1_254' title='bbox 455 2954 676 3023; x_wconf 78' lang='lat' dir='ltr'><strong>chrysostomus</strong></span> <span class='ocrx_word' id='word_1_255' title='bbox 707 2963 736 3008; x_wconf 89' lang='lat' dir='ltr'><strong>et</strong></span> <span class='ocrx_word' id='word_1_256' title='bbox 768 2955 794 3010; x_wconf 87' lang='lat' dir='ltr'><strong>S.</strong></span> <span class='ocrx_word' id='word_1_257' title='bbox 818 2955 1009 3026; x_wconf 69' lang='lat' dir='ltr'><strong>hieronymus</strong></span> 
     </span>
     <span class='ocr_line' id='line_1_33' title="bbox 16 3031 1009 3130; baseline -0.004 -40"><span class='ocrx_word' id='word_1_258' title='bbox 16 3035 230 3091; x_wconf 74' lang='lat' dir='ltr'><strong>commentariis</strong></span> <span class='ocrx_word' id='word_1_259' title='bbox 258 3035 287 3086; x_wconf 89' lang='lat' dir='ltr'><strong>in</strong></span> <span class='ocrx_word' id='word_1_260' title='bbox 316 3031 398 3088; x_wconf 86' lang='lat' dir='ltr'><strong>illem</strong></span> <span class='ocrx_word' id='word_1_261' title='bbox 427 3033 560 3102; x_wconf 84' lang='lat' dir='ltr'><strong>Apostoli</strong></span> <span class='ocrx_word' id='word_1_262' title='bbox 590 3031 743 3102; x_wconf 84' lang='lat' dir='ltr'><strong>epistolem</strong></span> <span class='ocrx_word' id='word_1_263' title='bbox 771 3041 798 3086; x_wconf 91' lang='lat' dir='ltr'><strong>et</strong></span> <span class='ocrx_word' id='word_1_264' title='bbox 826 3035 853 3087; x_wconf 85' lang='lat' dir='ltr'><strong>S.</strong></span> <span class='ocrx_word' id='word_1_265' title='bbox 875 3034 1009 3130; x_wconf 84' lang='lat' dir='ltr'><strong>lreuseus</strong></span> 
     </span>
     <span class='ocr_line' id='line_1_34' title="bbox 19 3111 525 3182; baseline -0.008 -15"><span class='ocrx_word' id='word_1_266' title='bbox 19 3113 63 3168; x_wconf 87' lang='lat' dir='ltr'><strong>lib</strong></span> <span class='ocrx_word' id='word_1_267' title='bbox 83 3118 112 3169; x_wconf 82' lang='lat'><strong>5.</strong></span> <span class='ocrx_word' id='word_1_268' title='bbox 139 3117 203 3182; x_wconf 81' lang='lat' dir='ltr'><strong>dep.</strong></span> <span class='ocrx_word' id='word_1_269' title='bbox 219 3111 265 3166; x_wconf 76' lang='lat' dir='ltr'><strong>Si.</strong></span> <span class='ocrx_word' id='word_1_270' title='bbox 520 3123 525 3139; x_wconf 84' lang='grc'><strong><em>’</em></strong></span> 
     </span>
    </p>

    <p class='ocr_par' dir='ltr' id='par_1_6' title="bbox 16 3191 1011 3658">
     <span class='ocr_line' id='line_1_35' title="bbox 70 3191 1007 3262; baseline -0.002 -14"><span class='ocrx_word' id='word_1_271' title='bbox 70 3191 268 3248; x_wconf 69' lang='lat' dir='ltr'><strong>Probstnri.</strong></span> <span class='ocrx_word' id='word_1_272' title='bbox 300 3206 335 3247; x_wconf 79' lang='lat' dir='ltr'><strong>ex</strong></span> <span class='ocrx_word' id='word_1_273' title='bbox 364 3192 504 3262; x_wconf 76' lang='lat' dir='ltr'><strong>symbolo</strong></span> <span class='ocrx_word' id='word_1_274' title='bbox 533 3191 737 3260; x_wconf 81' lang='lat' dir='ltr'><strong>Apostolorum</strong></span> <span class='ocrx_word' id='word_1_275' title='bbox 761 3199 792 3246; x_wconf 87' lang='lat' dir='ltr'><strong>et</strong></span> <span class='ocrx_word' id='word_1_276' title='bbox 821 3191 1007 3262; x_wconf 72' lang='lat' dir='ltr'><strong>Symbolod.</strong></span> 
     </span>
     <span class='ocr_line' id='line_1_36' title="bbox 18 3270 1010 3358; baseline -0.002 -32"><span class='ocrx_word' id='word_1_277' title='bbox 18 3272 188 3328; x_wconf 70' lang='lat' dir='ltr'><strong>Athanasii.</strong></span> <span class='ocrx_word' id='word_1_278' title='bbox 220 3273 250 3324; x_wconf 90' lang='lat' dir='ltr'><strong>iu</strong></span> <span class='ocrx_word' id='word_1_279' title='bbox 280 3271 387 3345; x_wconf 82' lang='lat' dir='ltr'><strong>quihus</strong></span> <span class='ocrx_word' id='word_1_280' title='bbox 413 3271 484 3325; x_wconf 85' lang='lat' dir='ltr'><strong>hsee</strong></span> <span class='ocrx_word' id='word_1_281' title='bbox 513 3272 617 3324; x_wconf 80' lang='lat' dir='ltr'><strong>veritus</strong></span> <span class='ocrx_word' id='word_1_282' title='bbox 645 3270 789 3358; x_wconf 82' lang='lat' dir='ltr'><strong>expressis</strong></span> <span class='ocrx_word' id='word_1_283' title='bbox 818 3270 915 3325; x_wconf 82' lang='lat' dir='ltr'><strong>verbis</strong></span> <span class='ocrx_word' id='word_1_284' title='bbox 944 3287 1010 3325; x_wconf 83' lang='lat' dir='ltr'><strong>eon·</strong></span> 
     </span>
     <span class='ocr_line' id='line_1_37' title="bbox 16 3353 982 3407; baseline 0.001 -4"><span class='ocrx_word' id='word_1_285' title='bbox 16 3353 135 3407; x_wconf 87' lang='lat' dir='ltr'><strong>tinetnr.</strong></span> <span class='ocrx_word' id='word_1_286' title='bbox 413 3367 416 3378; x_wconf 83' lang='grc'><strong><em>’</em></strong></span> <span class='ocrx_word' id='word_1_287' title='bbox 819 3374 822 3382; x_wconf 64' lang='grc'><strong><em>»</em></strong></span> <span class='ocrx_word' id='word_1_288' title='bbox 852 3373 856 3380; x_wconf 94' lang='grc'><em>·</em></span> <span class='ocrx_word' id='word_1_289' title='bbox 979 3384 982 3393; x_wconf 85' lang='lat'>·</span> 
     </span>
     <span class='ocr_line' id='line_1_38' title="bbox 70 3429 1011 3498; baseline -0.003 -13"><span class='ocrx_word' id='word_1_290' title='bbox 70 3429 268 3485; x_wconf 74' lang='lat' dir='ltr'><strong>Probaturii.</strong></span> <span class='ocrx_word' id='word_1_291' title='bbox 292 3443 328 3483; x_wconf 86' lang='lat' dir='ltr'><strong>ex</strong></span> <span class='ocrx_word' id='word_1_292' title='bbox 349 3429 399 3483; x_wconf 88' lang='grc'><strong>88.</strong></span> <span class='ocrx_word' id='word_1_293' title='bbox 421 3429 592 3495; x_wconf 75' lang='lat' dir='ltr'><strong>Petrinus,¹</strong></span> <span class='ocrx_word' id='word_1_294' title='bbox 589 3429 651 3498; x_wconf 89' lang='lat' dir='ltr'><strong>qui</strong></span> <span class='ocrx_word' id='word_1_295' title='bbox 679 3431 854 3483; x_wconf 83' lang='lat' dir='ltr'><strong>unsnimiter</strong></span> <span class='ocrx_word' id='word_1_296' title='bbox 873 3429 942 3484; x_wconf 85' lang='lat' dir='ltr'><strong>huie</strong></span> <span class='ocrx_word' id='word_1_297' title='bbox 963 3443 1011 3482; x_wconf 81' lang='lat' dir='ltr'><strong>rs·</strong></span> 
     </span>
     <span class='ocr_line' id='line_1_39' title="bbox 18 3503 1009 3577; baseline -0.006 -13"><span class='ocrx_word' id='word_1_298' title='bbox 18 3512 91 3565; x_wconf 82' lang='lat' dir='ltr'><strong>ritsti</strong></span> <span class='ocrx_word' id='word_1_299' title='bbox 121 3509 325 3573; x_wconf 75' lang='lat' dir='ltr'><strong>rubestinum,</strong></span> <span class='ocrx_word' id='word_1_300' title='bbox 355 3516 386 3562; x_wconf 89' lang='lat' dir='ltr'><strong>ut</strong></span> <span class='ocrx_word' id='word_1_301' title='bbox 408 3509 435 3561; x_wconf 82' lang='lat' dir='ltr'><strong>S.</strong></span> <span class='ocrx_word' id='word_1_302' title='bbox 459 3509 516 3563; x_wconf 85' lang='lat' dir='ltr'><strong>Leo</strong></span> <span class='ocrx_word' id='word_1_303' title='bbox 538 3509 621 3577; x_wconf 74' lang='lat' dir='ltr'><strong>Psps</strong></span> <span class='ocrx_word' id='word_1_304' title='bbox 638 3503 721 3562; x_wconf 78' lang='lat' dir='ltr'><strong>serm.</strong></span> <span class='ocrx_word' id='word_1_305' title='bbox 743 3507 767 3562; x_wconf 89' lang='lat' dir='ltr'><strong>i.</strong></span> <span class='ocrx_word' id='word_1_306' title='bbox 791 3507 830 3562; x_wconf 90' lang='lat' dir='ltr'><strong>de</strong></span> <span class='ocrx_word' id='word_1_307' title='bbox 849 3508 1009 3564; x_wconf 80' lang='lat' dir='ltr'><strong>Resurrent.</strong></span> 
     </span>
     <span class='ocr_line' id='line_1_40' title="bbox 19 3587 1011 3658; baseline -0.006 -13"><span class='ocrx_word' id='word_1_308' title='bbox 19 3587 747 3658; x_wconf 69' lang='lat' dir='ltr'><strong>Remmiomhoisristtseoninossinistfsme</strong></span> <span class='ocrx_word' id='word_1_309' title='bbox 770 3587 1011 3642; x_wconf 67' lang='lat' dir='ltr'><strong>mmsis</strong></span> 
     </span>
    </p>
   </div>
   <div class='ocr_carea' id='block_1_5' title="bbox 0 0 1163 3892">
    <p class='ocr_par' dir='ltr' id='par_1_7' title="bbox 0 0 1163 3892">
     <span class='ocr_line' id='line_1_41' title="bbox 0 0 1163 3892; baseline 0 0"><span class='ocrx_word' id='word_1_310' title='bbox 0 0 1163 3892; x_wconf 95' lang='lat' dir='ltr'><strong> </strong></span> 
     </span>
    </p>
   </div>
  </div>
 </body>
</html>
