2324 3886
148 127 208 194 121
513 213 516 219 1
583 137 620 185 na
633 139 699 184 nno.

146 268 195 322 aad
215 279 304 318 ennae
325 262 362 316 ud
376 259 572 329 poeaitentiam
592 260 706 326 recentia
727 273 795 316 nam
817 259 913 330 posita
932 260 985 316 ille
999 262 1147 316 sententia

147 345 253 400 vult-e
281 341 427 396 contrarie
453 340 602 396 voluntate
628 337 808 397 antecedenti
830 355 927 394 omnes
947 341 1016 394 illos
1038 342 1146 408 perire,

148 439 227 496 quos
238 421 365 491 positive
380 419 417 473 ob
431 426 581 487 peccatum
595 419 738 489 originale
752 417 930 488 reprobavit,
950 434 1005 474 nec
1018 419 1147 488 proinde

146 504 224 568 vult,
255 509 286 556 nt
313 507 400 572 agant
423 499 632 568 poeniteutiam
660 499 737 554 etin
760 505 834 552 stetu
857 500 965 569 gratiae
990 498 1147 566 decedant,

148 599 214 641 enm
235 580 267 635 ld
288 579 350 651 ejus
372 577 486 638 decretn
508 577 692 632 antecedenti
713 585 740 631 et
761 578 905 634 voluntati
924 579 1040 634 efficaci
1054 595 1073 633 e
1089 579 1147 634 dis·

148 669 239 720 metro
260 661 408 731 repugnet.

206 740 344 810 Sequitur
362 739 484 806 insuper
505 752 541 790 ex
556 737 656 792 eadem
671 736 828 802 sententia,
852 737 955 792 salsum
971 753 1045 804 esse,
1073 738 1147 808 qnod

147 822 297 879 delinitum
319 826 362 872 art
382 817 412 870 iu
435 815 567 870 Concilio
590 817 769 875 Arausicano
783 812 822 873 Ila
849 831 913 870 can.
928 815 975 870 aa
1006 817 1057 872 his
1090 835 1145 872 ver-

145 900 208 956 bis:
250 900 312 952 Hoc
332 899 412 952 etiarn
439 897 584 950 sermnem
603 897 697 950 Fidem
717 897 875 950 catholicam
895 897 1046 959 ardenna,
1080 901 1145 990 quod

146 989 258 1051 accepto
273 995 327 1046 per
347 976 517 1045 Baptisnrrm
534 977 629 1045 pretia
649 993 738 1030 ornnes
759 977 904 1044 baptisati,
933 975 1044 1030 Uiriato
1070 981 1157 1033 ‹recei-¹

148 1062 230 1114 iiente
251 1067 277 1111 et
298 1063 464 1125 cooperante,
488 1073 556 1125 quae
578 1057 615 1110 ad
632 1057 746 1110 salntem
760 1057 906 1124 pertinent,
923 1057 1037 1123 possint
1062 1068 1090 1111 et
1104 1061 1157 1118 de]

147 1141 241 1201 hunt,
264 1155 289 1190 ss
284 1137 423 1205 'fideliter
444 1135 569 1190 tollerare
589 1135 735 1198 coluerint,
756 1136 915 1204 adimplere.

205 1218 242 1272 Et
260 1214 343 1286 quod
364 1215 500 1270 dicitur'
490 1229 522 1268 ru
538 1215 671 1270 Concilio
686 1214 858 1270 Tridentino
880 1229 947 1268 sess
964 1214 990 1268 6
1017 1230 1087 1286 cap.
1106 1217 1145 1270 13.

150 1299 245 1354 Omnes
258 1296 446 1365 justificatos
436 1312 464 1348 nr
479 1295 533 1347 Dei
550 1295 651 1348 auritio
672 1311 746 1364 spem
758 1295 944 1362 firmieeinesn
965 1295 1106 1350 collocare
1125 1305 1145 1350 et

147 1393 276 1448 reponere
308 1375 418 1438 debere,
451 1375 589 1443 Deumque
616 1376 671 1428 nisi
698 1376 752 1442 t'psi
778 1374 836 1441 ejas
862 1374 969 1442 pretias
998 1375 1144 1445 &facerint

147 1459 216 1511 sicin
242 1457 329 1524 coepit
356 1471 422 1524 epus
444 1455 553 1516 bonnm,
583 1456 624 1508 ita
644 1464 669 1508 et
690 1455 764 1508 illam
779 1453 963 1523 perfecturam
984 1471 1060 1508 esse.
1105 1458 1146 1509 Se-

147 1537 246 1607 quitur
266 1535 402 1604 inquam,
425 1533 621 1588 Conciliorum
642 1533 761 1586 illorum
777 1531 938 1590 doctrinam
952 1533 1065 1588 falsam
1082 1551 1146 1602 esse,

146 1615 216 1686 quia
242 1613 339 1683 posita
366 1613 421 1666 illa
449 1613 591 1668 sententia
619 1615 784 1682 quicunqne
811 1612 887 1665 inter
915 1611 1091 1680 baptizatos
1111 1631 1146 1669 re-

146 1694 263 1766 probati
285 1702 366 1758 sunt,
394 1693 529 1763 quamvis
554 1707 606 1761 per
626 1693 805 1761 Baptismunr
827 1693 948 1766 gretiam
968 1697 1157 1762 acceperint,

146 1783 242 1828 tamen
263 1787 357 1842 neque
379 1773 522 1826 auxilium
537 1772 592 1828 Dei
608 1771 649 1824 ad
670 1771 912 1840 perseverandum
934 1771 964 1824 in
985 1775 1146 1841 gratianu-

100 1898 102 1912 ,
147 1869 234 1924 quam
255 1853 416 1921 accipient,
444 1867 537 1920 neque
566 1851 677 1906 auxilio
706 1851 759 1905 illo
782 1850 912 1904 destituti
933 1859 1081 1918 poterunt
1101 1871 1148 1908 un-

101 1924 102 1930 '
145 1947 250 2002 ¹sputans,
279 1938 534 2002 quantumcunque
561 1930 774 1993 laboraverint,
804 1945 837 1984 ea
865 1945 938 2002 quae
961 1929 1002 1984 ad
1023 1934 1148 1990 salutern

146 2013 378 2082 consequendam
399 2011 562 2064 necessaria
583 2015 650 2064 sunt
671 2009 841 2078 adimplere.
884 2011 956 2064 Cum
977 2025 1054 2076 vero
1081 2014 1148 2068 haec

147 2092 259 2158 omnia,
282 2105 356 2162 quae
378 2105 414 2144 ex
433 2091 487 2143 illa
508 2091 650 2144 sententia
670 2098 845 2160 sequuntur,
868 2087 996 2144 absurda
1018 2092 1100 2160 sint,
1125 2100 1149 2148 et

146 2167 257 2226 absona
284 2171 321 2226 ab
349 2170 428 2224 omni
455 2170 608 2235 veritate,
622 2170 693 2224 binc
721 2169 894 2227 concludere
921 2176 1058 2238 oportet,
1090 2189 1147 2228 earu

145 2259 283 2320 tanquam
303 2250 406 2304 falsam
426 2249 543 2318 penitus
565 2249 777 2318 repudiandam
797 2256 826 2303 et
839 2247 1040 2318 abjiciendam
1058 2266 1130 2306 csse.

122 2339 126 2346 ’
207 2331 369 2386 Dicendum
383 2327 411 2384 2.
440 2328 561 2384 Nullum
586 2329 717 2382 adultum
739 2329 865 2401 positive
886 2344 902 2382 a
923 2327 985 2382 Deo
1009 2331 1148 2400 reproba·

145 2419 209 2465 tam·
227 2427 288 2464 esse
309 2419 338 2464 et
357 2417 491 2464 aeternae
512 2408 706 2464 damnationis
729 2409 883 2478 suppliciis
902 2407 1070 2478 addictum,
1094 2411 1149 2464 uisi

145 2489 185 2546 nb
204 2490 327 2560 aliquod
346 2495 497 2556 peecatum
517 2487 638 2542 mortale
659 2487 771 2542 actuale
794 2487 997 2556 commissum,
1025 2496 1060 2546 et
1081 2493 1149 2544 tina·

145 2570 204 2624 lem
223 2569 255 2622 in
277 2584 310 2624 eo
332 2567 582 2636 impoenitentiam
604 2566 640 2621 ab
663 2575 777 2622 aeterno
799 2567 971 2637 praevisam.

205 2649 282 2706 llaec
311 2647 429 2702 assertio
454 2645 584 2716 sequitur
605 2647 758 2702 manifeste
777 2662 814 2700 er
833 2645 1007 2716 probatione
1030 2663 1149 2715 praece

146 2729 257 2794 dentis3
286 2726 410 2784 sienim
432 2726 531 2780 nullus
552 2741 666 2793 eorum,
696 2727 748 2796 qui
768 2725 912 2795 baptizati
934 2733 1017 2792 suut,
1043 2727 1085 2782 ob
1108 2743 1148 2782 se

48 2850 51 2864 .
147 2809 208 2862 lnm
230 2807 372 2878 originale
393 2814 544 2875 peccatum
557 2807 683 2876 positive
698 2806 868 2874 reprobatus
882 2811 939 2872 est,
963 2820 1149 2876 consequens

146 2895 209 2953 est,
227 2885 306 2957 quod
328 2886 461 2956 quisquis
482 2884 557 2940 iuter
577 2885 742 2954 baptizatos
763 2885 934 2954 reprobatus
956 2893 1008 2950 est,
1032 2885 1075 2939 ob
1100 2888 1149 2940 ali-

146 2965 224 3038 quod
245 2967 358 3020 actuale
378 2973 529 3036 peccatum
549 2965 587 3020 eb
603 2973 716 3022 aeterno
731 2967 896 3033 praevisum
912 2963 1091 3033 reprobatus
1106 2969 1148 3020 sit

145 3045 226 3100 Idem
246 3061 314 3100 vero
337 3044 398 3101 dici
419 3041 503 3101 debet
525 3046 612 3106 etiarn
634 3044 669 3104 de
691 3044 852 3113 reprobatis
873 3043 966 3098 ndult'
947 3051 983 3096 trs
1011 3059 1075 3098 non
1102 3047 1149 3102 ba-

146 3125 278 3198 plicatis,
302 3137 366 3181 cum
381 3123 478 3194 quoad
492 3125 724 3194 reprobationem
738 3139 791 3193 par
805 3125 844 3178 sit
857 3131 1046 3198 utrorumque
1064 3127 1147 3188 ratio

146 3214 175 3261 et
201 3210 369 3274 argumente
397 3220 431 3258 ao
458 3203 601 3271 rationes,
630 3203 736 3274 quibus
764 3212 883 3258 utuntur
904 3210 1063 3258 assertores
1090 3221 1157 3259 sen-¹

146 3284 270 3350 tentiae,
300 3298 386 3352 quam
414 3285 634 3353 impugnamus,
664 3299 754 3353 aeque
781 3283 906 3352 probent
935 3282 969 3338 de
991 3283 1039 3336 his
1062 3293 1151 3354 atque

148 3363 184 3416 de
204 3362 284 3426 illis,
305 3369 338 3414 ut
359 3362 560 3416 exsolutione
581 3361 777 3432 objectionum
792 3361 951 3429 constabit,
974 3361 1151 3433 nullamque

146 3442 222 3496 inter
243 3439 383 3509 reprobos
403 3437 716 3502 adultosconstituaut
737 3441 942 3506 differentiam,
959 3439 1025 3502 ,sed
1049 3458 1151 3496 omnes

147 3521 210 3582 sive
239 3518 403 3588 baptizatos
432 3518 492 3572 sive
521 3531 579 3575 non
608 3517 771 3588 baptizatos
799 3521 830 3574 iu
858 3519 959 3574 eadent
982 3523 1157 3593 perditionis
