2304 3888
346 183 384 230 ou
405 183 633 231 tumularunt.
924 163 986 234 ott

26 312 140 374 operatur:
167 303 246 359 unde
270 305 417 374 sequitur,
444 301 523 374 quoti
542 309 609 374 post
628 301 707 357 huuc
730 303 817 358 tinorar
840 303 983 362 inbutum

25 385 82 452 prius
93 385 158 440 velit
169 383 265 438 media
278 384 327 438 illi
340 383 566 454 propinquiora,
589 396 675 452 quarn
694 383 856 438 remotiora
891 384 984 455 Atqui

26 463 151 519 incarnatio
172 472 214 518 cst
233 461 362 518 medium
382 462 576 532 propinquius
597 461 715 516 divinae
740 461 866 532 gloriae,
896 478 981 534 quarn

25 541 111 597 lunaui
129 543 239 615 generis
261 541 436 612 redemptio,
462 547 562 612 estque
580 541 614 595 iu
635 556 665 594 se
685 539 771 612 louge
792 542 982 602 excellentius

25 629 41 674 ot
54 622 83 675 ad
101 622 226 676 divinam
247 623 368 694 gloriam
382 620 622 676 manifestandam
636 621 748 690 aptius,
771 635 835 676 cum
851 621 982 677 Christus

24 701 90 769 olus,
115 710 265 774 quatenns
280 701 357 755 Deus
386 708 414 754 ct
440 701 543 766 homo,
574 699 665 754 multo
692 699 831 770 majorem
859 699 980 771 gloriam

25 777 63 833 beo
80 777 189 836 redolere
210 782 318 852 possit,
340 792 426 850 quarn
446 779 576 834 universi
590 779 697 850 Angeli
718 787 747 833 et
766 779 907 848 homines,
930 783 982 850 qui

23 862 84 914 orech
102 869 147 916 aut
167 860 309 930 redempti
330 861 462 926 fueraut,
484 860 542 914 imo
564 860 615 928 qui
636 865 704 912 sunt
717 856 889 928 possibiles:
912 873 979 931 ergo

23 936 74 992 bens
91 941 166 1010 prius
185 940 279 1009 ipsius
301 940 409 994 Christi
429 939 660 994 incarnationem
682 937 792 1004 voluit,
822 953 909 1010 quam
932 953 978 1010 ge·

23 1019 73 1072 oeris
89 1021 202 1074 humaui
224 1017 468 1088 redemptionom
492 1033 532 1074 ⁴ac
558 1017 681 1088 proinde
700 1019 804 1088 ipsum
833 1019 978 1074 Christum

24 1111 60 1149 uon
75 1105 182 1168 propter
202 1099 333 1153 homiues
354 1097 448 1168 primo
470 1104 498 1152 et
518 1097 736 1168 principaliter,
764 1096 815 1150 sed
834 1099 932 1168 potius
953 1105 980 1154 et

23 1173 119 1233 laninas
139 1186 165 1232 et
186 1177 330 1249 Angelos,
353 1185 384 1231 et
402 1191 588 1247 quascunque
609 1177 682 1232 alias
704 1183 848 1232 creaturas
862 1186 980 1248 propter

23 1253 90 1322 ipsun
109 1259 249 1312 Christum
271 1271 333 1310 esse
354 1257 457 1315 voluit.

63 1361 83 1412 4.
119 1361 247 1434 Utraque
268 1359 593 1429 sententia'probabilis
617 1354 679 1431 est,
703 1367 735 1414 ut
762 1359 907 1428 diximus,
937 1375 979 1418 se-

23 1439 89 1492 cunda
107 1449 197 1496 tamen
220 1440 336 1495 uidetur
356 1439 555 1510 probabilior,
578 1447 637 1492 tum
659 1439 697 1494 cb
711 1455 761 1508 ea,
783 1455 857 1512 quac
870 1442 902 1495 iu
917 1433 979 1514 ejus

21 1518 186 1584 probationem
209 1521 298 1576 allata
312 1528 395 1590 suut,
416 1517 476 1574 turn
491 1520 595 1586 etiam,
618 1517 687 1589 quia
702 1519 889 1575 authoritates
903 1519 979 1577 Scri·

21 1601 93 1662 prorae
110 1609 136 1654 et
155 1601 205 1656 SS.
221 1601 354 1665 Petrum,
377 1613 451 1672 quae
472 1599 502 1652 in
524 1598 724 1668 probationem
745 1599 852 1673 prioris
868 1608 981 1656 senten·

22 1675 59 1730 tiae
76 1678 167 1734 citatae
190 1688 272 1745 suut,
295 1679 381 1734 facile
401 1685 522 1748 possunt
543 1678 695 1748 explicari.

61 1782 130 1850 Quod
158 1787 235 1840 eninr
264 1791 376 1856 spectat
403 1783 440 1838 ad
466 1798 499 1840 ea
520 1785 683 1854 scripturae
704 1785 785 1854 loca,
814 1787 845 1840 in
873 1785 980 1858 quibua

22 1855 110 1931 dieitur,
132 1865 278 1920 Christum
299 1865 411 1921 vecisse
424 1863 463 1916 ad
477 1871 640 1932 probatores
657 1863 825 1934 salvandos,
848 1865 979 1936 latemur,

21 1936 71 1994 illul
88 1959 143 2000 esso
164 1945 357 2019 verissimum.
400 1942 537 2010 Quamvis
559 1944 637 1996 onim
658 1945 752 2012 primo
777 1953 805 2000 ct
831 1945 981 2018 principa·

20 2013 75 2086 litor,
94 2031 154 2078 aare
176 2022 334 2094 cujuslibet
354 2023 467 2092 peceati
486 2021 717 2094 praevisionem,
746 2037 764 2079 a
787 2023 848 2078 Deo
871 2023 981 2082 Christi

19 2093 144 2160 incarnatio
165 2105 278 2172 intenta
292 2102 394 2170 fucrit3
415 2101 471 2156 boc
486 2109 581 2160 taurea
595 2114 654 2156 uon
668 2100 771 2170 obstat,
795 2103 876 2176 quin,
897 2119 980 2174 prae-

20 2174 61 2230 riao
77 2189 169 2248 postea
182 2181 292 2244 Adami
312 2189 432 2256 peccato
453 2181 597 2252 totiusque
619 2183 730 2254 generis
748 2183 870 2240 humani
883 2184 980 2256 lapsu,

19 2254 88 2314 trien
112 2261 271 2318 incarnatio
292 2261 386 2332 ‚quasi
414 2260 584 2316 secundario
609 2267 637 2314 ct
657 2262 753 2329 minos
774 2262 980 2335 principaliter

19 2330 43 2384 td
63 2337 132 2394 illius
159 2341 397 2396 restaurationem
424 2339 566 2394 (livinitus
587 2338 722 2394 ordinata
742 2341 837 2396 luerit.
879 2341 917 2401 Et
936 2343 978 2398 sic

18 2417 136 2490 titumque
157 2437 258 2479 verum
279 2427 334 2488 est,
356 2427 386 2476 et
399 2420 545 2475 Christum
565 2420 683 2494 ,venisse
699 2418 736 2474 ad
757 2420 914 2478 salvandos
927 2423 978 2477 ho·

18 2491 97 2578 uiua,
123 2508 150 2554 et
175 2499 368 2568 nihilominus
389 2505 455 2555 aute
477 2513 678 2572 quamcunque
699 2506 858 2572 creaturam
879 2518 896 2556 a
918 2501 977 2574 Deo

20 2579 130 2634 utentum
149 2580 248 2642 fuisse.

58 2680 97 2734 hi
114 2683 189 2739 illud
209 2692 320 2753 actoru,
342 2683 422 2754 quoti
442 2684 536 2756 aliqui
552 2684 600 2740 ss.
617 2684 715 2740 Patres
730 2685 841 2753 dicuat,
862 2685 977 2742 Adamo

18 2763 58 2807 lii
74 2771 202 2828 peccante
223 2764 371 2819 Christum
389 2777 448 2818 non
463 2763 552 2819 luisse
566 2770 732 2834 venturum,
755 2763 976 2832 dicendumst,

19 2827 57 2886 hot
71 2855 160 2899 oerum
180 2859 257 2910 esso,
285 2843 312 2898 si
331 2843 527 2915 intelligatur,
555 2844 701 2900 Christum
721 2861 778 2900 non
797 2845 888 2900 irrisae
909 2859 977 2902 veu-

19 2913 88 2972 turum
110 2921 270 2989 co··nrodo,
298 2937 356 2993 quo
377 2923 471 2992 veuit,
498 2923 555 2980 hoo
575 2932 631 2992 eat,
658 2926 690 2980 iu
716 2939 801 2980 carue
820 2924 975 2994 possibili3

19 2999 87 3082 leque
103 3015 135 3054 ra
152 3001 294 3057 iacturum
315 3002 403 3058 fuisse
423 3009 474 3057 sut
492 3015 660 3074 passurum,
682 3016 756 3076 qaae
775 3003 917 3060 humanae
932 3019 978 3062 aa·

20 3063 69 3124 lli!
85 3089 164 3136 caasa
182 3083 251 3137 lecit
271 3088 299 3136 et
317 3097 422 3152 passus
442 3089 493 3138 ast.

350 3339 615 3364 ¹m¹
