2304 3888
342 177 382 220 aa
399 175 492 221 mrsu
508 177 637 222 111111.
924 155 985 227 255

8 292 130 352 accedere
150 293 273 350 videtur.
287 295 677 364 Hieronymustiaranamla
697 295 749 348 lib.
773 295 810 350 da
825 295 985 368 Triumpho

9 373 110 438 Crucis,
137 373 186 426 ubi
217 373 306 439 dicit,
335 375 461 430 tutantes
481 375 512 428 in
534 383 651 443 peccato
673 375 810 444 originali
832 377 983 434 moricum

9 453 104 506 tuturos
123 461 191 522 post
208 454 342 510 ultimum
359 452 506 526 judicium
527 454 626 510 beatos
649 453 774 508 naturali
793 454 981 522 beatitudine,

7 531 75 584 etin
95 529 216 602 quodam
239 531 320 588 velut
338 532 474 602 paradiso
496 534 621 588 terrestri
643 541 781 604 perpetuo
803 533 982 605 feliciterque

8 611 135 678 victuros,
164 611 266 682 plenos
285 611 436 684 sapientia
456 621 484 665 et
505 609 685 681 virtutibus,
706 611 796 666 Deum
818 613 984 670 totocorde

6 689 160 760 diligentes,
189 691 247 744 imo
277 700 304 746 et
332 691 506 766 Angelorum
533 693 676 746 consortio
705 700 732 746 et
757 691 983 748 revelationibus

7 785 81 838 saepe
99 767 235 824 fruentes

58 847 207 902 Reiellitur
227 847 276 904 hic
297 863 391 918 error,
414 856 441 901 et
461 860 573 904 nostrae
588 845 666 904 Fidei
685 850 788 904 veritas
802 834 984 920 probaturi

4 940 36 978 ex
59 929 210 998 Scriptura.
263 927 344 982 Rem.
362 929 388 984 5
418 927 471 982 ubi
499 929 588 996 dicit,-
614 929 693 984 nnius
721 930 843 984 delictum
872 947 928 984 esse
957 931 984 982 in

5 1022 83 1059 ornnes
95 1007 256 1062 Homines
247 1026 274 1060 an
295 1009 546 1062 condemnationem
579 1007 654 1079 Ergo
675 1025 711 1062 ex
732 1009 813 1062 illius
835 1016 929 1064 mente
944 1007 985 1063 r'el

6 1093 62 1138 sunt
89 1085 299 1153 damnationis,
329 1087 495 1158 quicunque
523 1087 575 1144 illo
601 1089 735 1160 originali
759 1087 866 1142 delicto
887 1087 986 1158 impli-

7 1173 104 1219 cantur.
152 1165 382 1221 licaiacus.
419 1166 541 1244 dicitur,
571 1167 668 1236 quod,
694 1169 741 1238 qui
768 1167 919 1222 incredulus
947 1177 986 1222 est

5 1243 78 1307 Filio,
99 1261 153 1298 non
174 1245 276 1298 videdit
294 1248 393 1310 vitcm‚·
420 1239 536 1315 parvuli
559 1253 608 1298 aut
609 1262 653 1299 em
674 1262 738 1300 curn
759 1254 878 1316 peccato
899 1248 987 1318 origi·

6 1323 57 1375 nali
87 1323 275 1389 decedentes,
308 1339 399 1396 ecque
431 1332 514 1393 actu,
546 1339 639 1394 neque
670 1324 773 1380 babitu
805 1325 925 1428 credunt
954 1327 986 1424 in

4 1401 147 1458 Christum.

56 1481 238 1537 Probatur2.
261 1483 345 1556 quia,
375 1484 400 1536 si
422 1499 519 1542 verum
541 1491 629 1548 esset,
658 1483 827 1552 parvulos
818 1499 848 1537 rn
869 1487 987 1553 peccato

4 1561 131 1632 originali
160 1561 331 1617 decedentes
359 1562 497 1617 fruituros
526 1559 586 1618 esse
614 1563 794 1618 beatitudine
822 1563 876 1616 illa
899 1579 989 1634 supra

6 1650 166 1708 memorata,
189 1648 370 1710 sequeretur,
391 1641 460 1694 illos
481 1643 609 1696 melioris
631 1657 691 1696 esse
712 1641 896 1713 conditionis,
919 1645 989 1713 qnia

5 1729 189 1785 peecaverunt
204 1717 245 1773 ’11
269 1719 397 1792 Adamo,
426 1735 511 1790 quam
535 1723 560 1775 sl
582 1723 615 1776 11
633 1722 715 1792 puris
736 1721 919 1776 naturalibus
941 1722 989 1776 de-

6 1801 165 1867 cessissent3
195 1799 385 1869 nequeenim
409 1805 487 1853 tanta
509 1801 633 1855 felicitas
656 1799 808 1856 deberetur
822 1802 989 1856 nutantibus

6 1877 31 1928 in
51 1888 123 1933 statu
138 1895 229 1948 purae
245 1885 363 1932 naturae
379 1873 600 1934 decedentibus:
622 1881 698 1935 unde
714 1894 891 1951 consequens
907 1883 988 1949 foret,

5 1956 62 2012 illos
81 1957 246 2029 praemium
267 1973 303 2012 ex
323 1965 441 2028 peccato
464 1958 568 2013 adami
589 1973 648 2014 esse
670 1966 888 2027 consecutur0s3
912 1957 991 2032 quod

4 2045 38 2089 est
57 2039 207 2092 manifeste
230 2044 330 2093 contra
352 2037 537 2106 scripturam.

55 2117 80 2170 2.
126 2117 198 2171 Cum
215 2117 310 2187 igitur
331 2124 438 2171 certum
460 2117 512 2184 111,
540 2119 665 2173 infantes
693 2129 757 2172 cum
779 2117 904 2189 orginali
924 2133 991 2187 pec·

4 2203 57 2250 eato
84 2193 256 2264 decedentes
285 2195 379 2266 gloria
405 2203 432 2248 et
452 2195 633 2251 beatitudine
653 2197 684 2250 in
706 2206 852 2252 aeternum
873 2197 991 2267 privan-

4 2273 48 2328 dos
77 2293 159 2342 esse,
194 2291 227 2330 ac
258 2273 382 2345 proinde
413 2273 558 2330 subituros
590 2286 735 2330 aeternam
767 2276 990 2343 damnationem,

4 2369 136 2424 qnatenus
159 2349 191 2408 in
212 2355 267 2408 illa
287 2355 452 2423 privatione
471 2357 620 2410 'consistitt
651 2363 864 2410 controversum
886 2361 931 2410 cst
948 2357 993 2408 in-

4 2445 38 2487 ter
58 2435 242 2506 Theologos,
274 2451 309 2488 au
331 2435 361 2486 in
383 2433 436 2488 illo
459 2442 534 2488 statu
554 2435 727 2504 privationis
749 2441 778 2488 et
798 2433 994 2488 damnationis

2 2515 146 2584 aliquibus
168 2515 270 2584 poenis
292 2513 463 2568 eiiciantur.
500 2515 541 2568 De
563 2529 620 2584 qna
641 2529 671 2568 re
690 2521 746 2567 tres
761 2527 821 2568 esse
836 2513 993 2568 interillos

2 2595 153 2652 sententias
176 2591 261 2646 refert
282 2591 476 2648 Bellarminus
505 2603 571 2648 tom.
588 2593 614 2646 d.
645 2592 703 2647 lib
714 2591 741 2647 6
773 2591 808 2648 de
829 2593 994 2648 Amissione

4 2675 124 2742 gratiae,
148 2685 212 2742 cap.
229 2669 254 2726 1.

55 2754 158 2808 Prima
180 2759 223 2806 ost
244 2765 358 2818 eorum,
381 2754 432 2821 qui
454 2749 639 2820 existimant,
660 2753 797 2822 parvulos
819 2759 937 2821 propter
952 2765 995 2805 so·

5 2831 56 2886 lum
79 2831 226 2902 originale
247 2838 413 2899 peccatum,
436 2847 499 2885 cnm
521 2845 580 2900 quo
595 2831 790 2896 decesserunt,
812 2845 906 2902 poena
919 2831 996 2902 ignis

5 2912 28 2963 in
48 2920 201 2966 aeternum
224 2925 286 2966 esse
305 2910 484 2964 cruciandos.
517 2910 577 2964 Ubi
590 2919 687 2966 monet
701 2911 778 2966 idem
793 2909 996 2976 Bellarminus,

4 2989 162 3046 Haereticos
184 2991 277 3044 nostri
298 2989 454 3058 temporis,
477 2990 699 3058 quissenteutiis
721 2991 856 3046 extremis
870 2987 996 3044 maxime

5 3069 195 3137 delectantur,
220 3069 295 3124 hanc
316 3069 383 3125 ideo
404 3067 529 3124 libenter
550 3071 719 3126 sententiam
741 3071 888 3141 amplecti.

57 3147 195 3206 Secunda
214 3156 258 3204 est
278 3163 392 3213 aarum,
415 3149 466 3218 qai
486 3149 623 3218 parrulos
645 3149 762 3220 quidem
785 3151 820 3206 da
841 3150 997 3222 ignitaru-

4 3231 74 3284 eiatu
104 3228 250 3296 liberant,
273 3226 331 3282 sad
360 3234 456 3284 tamen
484 3237 628 3295 mearunt,
657 3244 704 3283 eos
733 3231 846 3286 interno
873 3228 998 3299 quodam

5 3309 100 3364 dolore
119 3315 241 3378 propter
262 3307 444 3362 amissionem
466 3307 599 3364 1111111111
619 3307 810 3364 beatitudinis
833 3308 920 3364 attici.

59 3388 163 3442 'l'ertia
184 3385 312 3456 denique
334 3387 479 3444 sententia
496 3394 540 3442 est
560 3401 674 3454 eorum,
697 3387 749 3458 qui
770 3394 911 3454 asserant,
932 3402 998 3456 pare

4 3470 80 3524 relos
108 3466 268 3522 cum-selo
298 3465 434 3536 originali
461 3475 580 3536 peceato
609 3465 781 3524 decedentes
800 3468 841 3524 ite
861 3465 901 3520 ob'
920 3461 998 3521 illud

7 3547 136 3602 damnari
158 3561 194 3600 ac
209 3545 326 3605 ,risione
342 3545 395 3602 [lai
410 3552 444 3602 et
458 3547 589 3602 eoelestis
604 3547 713 3617 gloriae
728 3546 866 3603 inritioae
878 3545 998 3614 privari,
