2330 3888
119 139 182 220 582
566 159 664 209 nora

1060 289 1108 330 Νι

119 345 170 402 ΙΠ.
206 351 252 404 Aa
271 349 349 403 detur
368 351 451 417 gratia
470 350 562 415 aliqua
580 351 717 404 sufficiens
778 386 785 398 .
857 385 864 398 .
938 383 946 399 ·
1018 385 1024 401 .
1059 349 1109 404 405

154 417 177 486 §.
196 417 218 472 Ι.
256 418 374 473 Gratiam
390 421 582 484 sufficientem,
602 435 671 486 quae
690 421 718 470 in
731 423 801 471 statu
814 424 924 472 naturae
938 419 1028 486 lapsae

291 489 395 541 homini
414 489 506 554 dabir,
525 489 605 543 taletn
622 501 699 555 esse,
715 495 746 542 ut
763 487 802 543 illi
822 489 949 540 resistere
968 506 1029 556 pos·

293 561 343 624 sit,
362 565 388 611 et
405 558 438 610 de
458 559 525 611 laeto
545 557 688 624 aliquando
709 557 828 624 resistat,
851 557 980 623 probatur
998 575 1030 610 ex

293 629 375 680 variis
393 625 545 694 Scripturas
564 627 632 679 locis
702 661 1030 676 .....
1067 625 1113 683 toe

156 697 179 763 §·
202 695 238 753 ΙΙ.
288 696 388 750 Eadem
416 699 550 750 sententia
573 695 758 750 conciliorum
783 695 942 748 authoritate
972 713 1033 765 pro-

295 767 374 819 batur
463 800 1031 816 ........
1066 765 1114 821 409

156 835 179 904 t.
200 835 249 888 lll.
287 835 419 888 Probatur
437 835 529 887 eadem
549 837 682 888 sententia
698 837 730 887 ex
754 833 803 886 SS.
824 831 952 886 Patribus
1024 871 1031 886 .
1066 835 1116 890 410

157 905 181 971 §.
202 903 250 958 IV.
288 905 436 959 Solvuntur
454 905 620 972 objectiones
702 939 1030 956 .....
1066 905 1117 960 412

122 973 170 1026 lV.
207 977 251 1028 An
270 975 382 1028 cuilibet
399 975 503 1026 homini
522 973 599 1026 detur
617 975 700 1040 gratia
714 974 852 1026 sufficiens
869 972 1032 1027 adsalutem
1066 974 1116 1028 414

122 1043 157 1094 V.
194 1045 238 1096 An
256 1043 333 1096 Deus
355 1043 418 1099 velit
436 1059 531 1096 ornnes
550 1044 674 1096 homines
693 1043 784 1096 salvos
803 1044 862 1095 fieri
943 1078 950 1093 .
1023 1080 1030 1094 .
1066 1044 1116 1098 417

122 1117 137 1148 *
158 1113 203 1164 Vl.
240 1112 362 1165 Deturne
381 1115 464 1180 gratia
482 1114 619 1166 sufficiens
633 1113 667 1164 ad
681 1113 804 1165 mandata
817 1110 870 1164 Dei
889 1113 1032 1178 servanda,

261 1183 388 1234 omnibus
413 1182 483 1248 illis,
508 1184 553 1246 qui
580 1199 611 1234 ea
636 1199 741 1234 servare
760 1187 902 1248 tenentur,
924 1189 951 1234 et
970 1198 1030 1248 pec-

260 1257 321 1304 cant
339 1267 395 1304 non
418 1252 550 1304 servando
622 1285 1029 1302 ......
1066 1250 1115 1306 419

122 1324 138 1356 *
158 1319 220 1373 VII.
255 1319 378 1374 Deturne
403 1322 589 1387 peccatoribus
614 1321 751 1374 obduratis
775 1320 906 1374 auxilium
930 1322 1030 1387 gratiae

261 1391 419 1444 sufficientis
439 1389 473 1442 ad
492 1391 698 1444 conversionem
781 1425 788 1440 .
861 1427 868 1440 .
942 1427 948 1440 .
1024 1427 1031 1440 ·
1065 1389 1116 1446 423

123 1463 138 1496 *
160 1458 236 1512 Vlll.
273 1462 317 1511 An
335 1459 465 1512 veredici
486 1461 587 1526 possit,
611 1461 690 1512 etiarn
712 1459 832 1526 parvulis
857 1460 963 1528 absque
982 1460 1033 1512 Ba-

261 1530 359 1596 ptismo
385 1528 578 1582 decedentibus
601 1527 659 1580 dari
685 1527 772 1582 media
789 1529 824 1582 ad
842 1529 958 1582 salutern
979 1532 1033 1585 suf-

460 1633 1031 1650 ········
1068 1597 1117 1654 427

428 1976 477 2029 De
503 1977 619 2043 gratia
645 1975 815 2028 efficacia.

125 2127 195 2180 Sect.
212 2125 232 2180 l.
262 2125 335 2192 Quid
355 2127 389 2178 sit
408 2125 492 2192 gratia
509 2125 616 2190 efllcax,
635 2129 661 2176 et
679 2139 733 2190 qua
746 2123 846 2176 ratione
861 2125 1039 2178 asufileienti

266 2195 446 2260 distinguatur
469 2227 1038 2244 ········
1070 2191 1116 2248 429

129 2263 163 2317 lI.
201 2264 233 2318 ln
253 2281 306 2334 quo
326 2266 431 2332 proprie
449 2266 578 2344 consistat
597 2264 684 2332 ipsius
703 2261 801 2328 gratiae
820 2262 940 2316 efficacia
1030 2299 1038 2314 .
1070 2260 1115 2318 432

533 2507 643 2566 carun
664 2507 711 2594 rr.

224 2638 275 2692 De
302 2639 435 2706 gratiae
463 2639 670 2703 effectibus,
702 2651 737 2688 ao
766 2638 801 2688 iu
828 2635 956 2702 primis
986 2635 1027 2687 de

478 2708 758 2774 justificatione.

128 2857 198 2912 Sect.
218 2857 240 2912 1.
278 2855 310 2910 In
336 2871 392 2922 quo
419 2857 526 2923 proprie
550 2861 577 2908 et
600 2853 746 2906 formaliter
769 2853 901 2908 consistat
916 2853 1039 2908 hominis

265 2926 421 2994 justificatio
473 2961 480 2974 .
543 2949 545 2955 ·
551 2955 1037 2976 .......
1072 2921 1117 2977 435

130 2993 169 3048 ll„¹
204 2993 322 3058 Quinam
346 2997 400 3047 sint
424 2993 535 3047 effectus
563 2994 660 3058 gratiae
679 2990 825 3044 habitualis
843 2993 1038 3048 sancdtlcantis
1073 2989 1117 3046 tut

128 3063 180 3115 ΙΙΙ.
217 3067 261 3116 An
281 3065 363 3117 simul
380 3080 441 3116 curn
461 3063 591 3116 habituali
609 3063 694 3128 gratia
712 3059 797 3128 aliqui
815 3061 946 3114 virtutum
964 3062 1040 3116 habi-

269 3140 312 3185 tus
331 3135 359 3184 in
378 3135 494 3186 animam
514 3131 689 3187 infundantur
709 3163 1038 3182 ·····
1073 3129 1115 3188 441

129 3197 178 3248 IV.
214 3199 258 3250 An
277 3203 362 3264 gretia
379 3201 524 3254 habitualis
541 3217 556 3252 a
574 3201 680 3253 caritate
699 3199 824 3254 distincta
843 3200 878 3251 sit
950 3236 956 3250 .
1030 3237 1037 3251 .
1071 3199 1118 3254 444
1152 3251 1153 3266 ,

130 3265 166 3330 ν,
201 3265 245 3316 An
270 3267 376 3331 aliquae
399 3268 592 3337 dispositiones
612 3269 646 3322 ad
660 3267 881 3335 Jnstilicationem
900 3271 1038 3336 requiran-
1070 3335 1115 3392 m
1152 3269 1153 3274 ’

212 3388 215 3396 ,
266 3339 324 3397 tur,
342 3342 368 3386 ct
405 3353 455 3389 uae
548 3371 1036 3390 .......

22 3397 25 3405 ’
129 3395 177 3467 YI.
214 3398 258 3448 An
276 3401 360 3462 gratia
376 3353 523 3458 ldabitualis
545 3423 594 3460 seu
619 3407 715 3460 caritas
739 3407 848 3474 augeri,
870 3407 916 3462 vel
943 3409 1037 3474 minui,

264 3465 308 3515 vel
326 3471 410 3520 amitti
428 3475 516 3538 possit
547 3509 1035 3528 .......
1069 3473 1114 3530 449

127 3526 189 3600 3V11.
225 3529 270 3579 An
288 3531 387 3597 aliquis
406 3544 477 3589 certo
497 3543 565 3595 scire
586 3543 689 3611 possit,
708 3560 737 3597 se
755 3560 817 3598 esse
831 3546 1035 3612 iustificatum·
1068 3545 1113 3602 451
1151 3611 1152 3634 ¹
