2332 3880
468 109 509 156 un·
522 109 597 156 rens.
992 95 1032 163 17
1088 79 1090 88 ,

33 231 148 301 recidit,
173 248 211 288 an
236 234 275 288 ait
296 231 334 286 cci
356 233 478 286 salutem
500 233 692 288 necessarium
708 231 839 302 credere,
860 233 934 304 quii
951 249 1037 306 cpcr·

33 319 83 366 teat
99 311 232 380 credere,
253 310 400 384 quemodo
421 318 449 365 ct
462 326 520 380 qua
539 311 650 368 ratione
668 319 796 380 oporteat
810 311 934 368 credere.
965 313 1034 380 Qui·

32 389 79 445 bus
100 399 127 446 et
149 399 243 461 ceput
263 398 398 461 quartum
413 389 620 462 subjungemus
636 390 766 446 devitiis
781 389 866 446 Fidei
881 393 1033 464 oppositis.

436 645 567 732 citui
602 649 627 730 Ι.

283 803 346 879 nc
377 801 494 876 nnc·
522 803 779 895 amenum.

379 998 404 1067 S
419 999 447 1066 Ε
462 999 534 1066 OT
548 999 565 1066 l
580 999 611 1066 Ο
653 999 680 1064 I.

116 1125 206 1199 Quid
226 1127 274 1183 ait
292 1127 326 1194 et
343 1125 526 1198 quotupltct
545 1125 645 1184 modo
664 1127 816 1184 sumatur
833 1123 940 1184 netes.

87 1257 112 1312 1.
149 1258 279 1314 Omissis
303 1259 391 1312 variis
413 1272 447 1312 ac
467 1257 683 1328 multiplicibus
703 1257 812 1326 modis,
836 1249 946 1329 quibus
962 1273 1029 1330 pas-

33 1337 81 1390 sim
100 1339 130 1391 in
153 1352 242 1392 sacra
264 1338 415 1406 Scriptura
430 1349 538 1391 rcestren
559 1335 641 1392 Fidei
663 1337 821 1406 accipitur,
842 1351 895 1392 nes
914 1337 961 1392 iric
974 1349 1034 1408 per

31 1413 121 1472 Fidem
134 1416 335 1487 intelligimus
349 1417 587 1472 virtutcmitlcrc
597 1417 855 1485 supernaturalem,
873 1431 926 1488 pcc
941 1430 1027 1486 quem

4 1487 5 1492 ’
33 1492 75 1566 (nt
95 1496 272 1551 Catachism.
295 1495 442 1549 Romanus
463 1497 593 1566 loquitur
613 1502 689 1565 part.
705 1495 730 1550 1.
754 1511 815 1566 cap.
833 1493 873 1566 l.)
896 1498 925 1550 id
938 1506 1028 1552 rasam

33 1575 169 1640 labemur,
201 1577 273 1646 qued
300 1575 398 1630 chc
420 1577 547 1630 traditum
569 1591 626 1628 crac
647 1577 832 1632 sanctissimae
853 1577 948 1629 matria
968 1577 1028 1630 Ec-

32 1655 124 1709 cleaine
145 1656 301 1708 cutlcritnc
320 1655 522 1724 comprobavit«
1032 1710 1039 1718 ,

84 1732 102 1766 ⁶
124 1735 168 1788 Eo
192 1749 278 1788 seusu
300 1741 419 1802 accepta
445 1733 528 1788 Fides
551 1735 741 1792 communiter
760 1749 779 1788 e
801 1735 957 1811 Theolcgis
978 1737 1028 1794 de·

32 1813 126 1868 luitur
146 1815 234 1867 virtue
255 1813 471 1883 supernaturalia
491 1823 517 1867 et
537 1815 699 1882 ticolcpicc,
731 1831 785 1888 quc
812 1817 889 1872 come
907 1819 1028 1889 firmiter

31 1895 174 1948 carectitur·
203 1895 254 1956 iia,
288 1909 358 1963 puae
384 1893 460 1946 Deua
487 1894 631 1956 revelavit,
662 1902 689 1946 ct
708 1909 763 1964 pcc
789 1895 941 1952 Eccleticm
965 1915 1026 1952 crc-

32 1973 115 2028 dcccc
130 1973 293 2043 proposuit,
314 1973 372 2026 ricc
392 1974 495 2042 accinta
514 1972 563 2026 illc
584 1973 714 2026 cicatrice
734 1990 787 2028 coc
807 1977 870 2030 cici.

84 2053 205 2108 Dicitur
226 2049 253 2106 1.
279 2053 366 2105 cirtm
386 2053 616 2120 aupermtcrc'lic,
649 2053 718 2124 quia
738 2061 857 2110 natusne
878 2057 955 2110 vires
976 2071 1027 2111 ex·

32 2132 103 2191 cedit
123 2132 335 2200 hominemque
354 2130 448 2184 elevat
469 2131 505 2184 ad
528 2131 721 2202 cognitionem
743 2147 839 2190 earum
859 2150 965 2208 rerum,
988 2135 1026 2190 an

31 2226 96 2280 ques
118 2210 250 2265 cctureli
272 2207 430 2279 capacitate
451 2211 614 2282 pertingere
636 2225 693 2266 non
715 2219 818 2281 potest.

85 2291 203 2346 Dicitur
217 2288 245 2345 2.
268 2290 430 2359 ticctepi'cc‚
455 2291 525 2360 quia
545 2287 637 2346 Deum
658 2289 824 2346 immediate
841 2307 895 2362 pro
910 2291 1025 2366 objecto

29 2371 161 2442 respicit,
184 2375 217 2422 ut
237 2369 358 2424 inferius
379 2365 584 2438 explicabitur.

85 2449 203 2504 Dicitur
224 2447 253 2503 3.
281 2465 337 2519 pcc
363 2449 440 2502 icccc
457 2450 578 2518 fimiter
603 2451 751 2504 assentitur
779 2451 828 2516 iis,
858 2467 928 2520 quea
948 2449 1026 2505 Deus
1086 2495 1096 2517 ,
1160 2475 1161 2514 3

29 2531 168 2592 revelavit,
200 2527 270 2598 quia
291 2543 356 2582 cum
377 2529 452 2582 rctic
473 2529 620 2595 formalis,
650 2543 707 2598 qua
727 2536 859 2585 movetur
879 2530 964 2584 homo
987 2529 1025 2584 ati

29 2605 260 2677 assentiendum,
289 2606 327 2661 sit
353 2621 487 2676 suprema
515 2615 549 2662 et
569 2607 740 2662 infallibilis
761 2609 816 2663 Dei
840 2610 965 2674 veritas,
992 2616 1027 2664 ut

30 2689 218 2758 supponimus
247 2701 283 2740 ex
310 2685 459 2753 dicendis,
489 2686 563 2742 hinc
586 2688 734 2758 seqnitur,
762 2701 908 2743 assensum
936 2689 1024 2744 illum

28 2765 104 2823 Fidei
134 2766 243 2823 debere
271 2766 313 2821 ita
341 2781 401 2822 esse
426 2767 555 2832 firmum,
584 2775 616 2821 ut
637 2781 749 2822 omnem
770 2783 888 2838 prorsus
910 2767 1026 2823 dubita·

29 2848 131 2903 tionem
161 2843 308 2900 excludat.
357 2843 442 2900 Unde
471 2845 505 2899 D.
527 2845 692 2900 Bernerdus
719 2848 803 2916 epist.
828 2845 895 2901 190.
935 2847 1023 2912 Ateii,

30 2926 137 2997 inquit,
167 2935 197 2978 ut
212 2933 353 2994 putemus,
380 2926 408 2978 irc
428 2925 496 2978 licie
517 2935 615 2980 nostre
631 2942 688 2980 cccc
709 2927 814 2998 aliquid
835 2927 918 2980 dubia
939 2929 1025 2981 acati-

31 3009 141 3060 mctiocc
157 3004 323 3075 peccatam,
346 3013 372 3058 et
391 3021 445 3058 coc
465 3008 565 3075 mapic,
590 3015 671 3059 icium
692 3007 763 3076 quod
784 3008 812 3059 ic
833 3020 866 3061 eu
880 3015 927 3070 ert,
950 3013 1025 3062 ccrtc

31 3095 53 3138 et
71 3085 160 3140 aelicta
182 3085 295 3138 veritate
316 3085 465 3138 subnixum.

85 3165 203 3220 Dicitur
217 3161 244 3216 i.
271 3172 296 3216 et
311 3180 366 3236 per
385 3161 536 3218 Ecclesium
557 3165 692 3224 credenda
706 3166 866 3235 proposuit,
897 3163 966 3235 quia
987 3161 1025 3217 etl

31 3241 187 3300 Ecclesiam
201 3244 346 3313 pertinet,
368 3258 402 3297 ea
417 3240 539 3298 definire
554 3251 582 3299 ct
594 3257 771 3314 proponere,
795 3259 868 3314 quae
882 3241 951 3298 Fide
966 3256 1027 3298 crc-

32 3321 122 3378 iectlc
143 3329 226 3389 suut,
249 3329 277 3376 et
297 3319 345 3392 (ut
366 3323 496 3393 loquitur
510 3324 537 3376 S.
553 3323 747 3394 Hieronymus
759 3323 793 3376 in
809 3337 872 3394 cap.
890 3320 915 3377 l.
940 3321 1023 3392 epist.
1130 3331 1149 3396 ²:

33 3401 67 3455 ad
87 3398 223 3473 Galatas)
245 3403 388 3458 didicimus
408 3403 443 3456 cb
465 3419 512 3467 cc,
542 3421 610 3474 quac
630 3403 831 3473 firmamentum
859 3411 951 3456 catct
979 3416 1027 3454 co-

32 3482 115 3536 lumcn
136 3482 277 3546 cecitatis,
299 3481 441 3546 Ecclesia,
472 3484 499 3535 in
521 3481 593 3536 iliius
615 3483 835 3551 interpretatione
858 3480 1030 3550 citrficitionc—

54 3577 142 3632 lbetty,
163 3575 260 3618 medulla
276 3575 406 3631 theologica.
436 3575 452 3617 l.
841 3555 862 3619 2
