2316 3892
381 209 418 251 ιιι
443 205 669 252 intensonosa.
957 189 1016 260 32¹¹

20 331 163 384 Dominus
192 331 239 398 (ut
268 329 372 382 verim
401 329 508 400 figurae
529 328 729 398 responderet)
761 345 858 386 omnes
886 333 1017 390 homines

21 424 83 464 vere
107 409 139 462 in
162 408 248 462 corde
270 421 322 462 suo
342 407 496 481 habuerit,
514 415 542 462 et
562 405 604 472 sic
625 409 760 465 omnibus
779 420 807 464 ct
820 412 944 482 singulis
958 430 1016 468 rne-

20 491 140 544 ritorurn
163 503 278 541 suornm
301 488 410 542 irnctus
433 486 623 542 distribuerit.

73 568 104 622 6
151 567 354 622 Dicendum
375 576 410 620 et·
425 561 544 632 ultimo}
567 557 933 627 merhsenrtsanoontii
954 588 1013 628 non

19 648 181 720 aequaliter
202 646 335 701 omnibus
358 645 480 716 abipso
501 648 589 701 inisse
611 648 767 718 applicata.

73 729 195 782 Constat
219 726 367 780 manifeste
389 741 425 778 ex
446 725 603 802 Scriptura.
639 724 666 782 S.
683 725 782 780 Maith.
799 725 846 782 25.
872 727 924 781 Um
938 731 1012 783 dedat

18 810 133 877 quinque
164 805 278 870 tolerato,
309 805 358 859 alit
379 807 444 868 duo,
476 805 526 859 atti
545 823 634 858 unum.
677 806 713 860 itt
739 805 761 858 l.
779 807 841 861 Cor.
859 804 885 865 7
898 799 1012 874 Uasa-

17 889 127 956 quisque
143 887 288 955 proprium
309 886 406 938 donum
427 885 505 938 habet
526 903 558 938 es
571 885 645 948 Deo,
669 904 736 938 unns
751 887 895 956 quidem
869 905 916 950 ate,
940 889 1012 942 olins

17 983 73 1019 sero
102 967 155 1018 sie.
198 965 273 1018 Haeo
302 974 395 1018 autern
417 963 570 1019 diversitas
592 977 619 1018 et
639 965 832 1036 inaequalitas
854 968 1010 1039 gratiarum

19 1046 50 1098 ab
71 1047 170 1116 ipsius
193 1041 300 1098 Christi
330 1044 476 1100 voluntate
497 1043 644 1113 procedit,
675 1046 725 1115 qui
754 1044 862 1100 dividit
888 1044 1010 1118 singulis

18 1135 101 1193 prout
121 1123 197 1178 vult.
237 1123 270 1176 ln
292 1129 349 1192 qua
370 1123 526 1193 gratiarum
548 1123 693 1178 divisione
714 1133 808 1178 tamen
829 1125 907 1180 ntitit
929 1126 1012 1180 aliud

19 1205 97 1258 iacit
119 1217 214 1274 quarn
237 1202 315 1273 quod
336 1202 454 1256 divinae
475 1203 570 1258 Patris
592 1204 735 1258 voluntati
756 1213 868 1274 gratu·
888 1212 917 1258 et
930 1219 1011 1259 neee-

18 1293 93 1352 ptum
118 1299 182 1336 esse
203 1283 359 1351 cognoscit.
405 1315 407 1322 ι
569 1325 574 1330 .
998 1307 1001 1316 «

69 1363 211 1432 Superest
223 1359 328 1419 adhuc
348 1377 406 1422 una
427 1359 599 1426 difficultas,
620 1362 761 1418 ιιιιιιιιιιιι
780 1363 939 1432 quomodo
946 1363 1010 1418 lieri

16 1445 158 1510 potuerit,
181 1450 211 1504 ιιι
230 1441 330 1499 omnia
351 1441 458 1510 gratiae
479 1440 634 1505 beneficis,
658 1441 786 1512 antiquis
802 1441 935 1500 Patribus
949 1443 1009 1506 eol

16 1522 82 1587 lata,
107 1537 149 1574 ex
170 1523 334 1576 meritorum
356 1521 448 1588 ipsius
464 1519 571 1575 Christi
592 1521 788 1588 applicatione
807 1522 1007 1590 processerint,

17 1615 74 1656 ιιιι
97 1601 185 1654 nulla
205 1609 273 1655 tunc
294 1599 399 1664 adhuc
411 1608 504 1654 essent
526 1600 633 1661 Christi
654 1600 764 1654 merita

70 1679 292 1748 Respondetur,
315 1679 421 1748 gratias
441 1679 510 1734 illas
532 1679 659 1750 antiquis
682 1679 817 1737 Patribus
837 1697 855 1734 a
870 1681 929 1736 Deo
949 1681 1009 1736 cnl-.

18 1760 82 1813 latas
106 1761 199 1814 inisse
220 1765 337 1828 propter
359 1757 467 1812 Christi
487 1759 605 1824 merita,
626 1774 684 1812 non
706 1759 824 1852 quidone
838 1759 933 1814 adhuc
948 1762 1008 1814 exi·

19 1841 137 1904 stentia,
159 1837 209 1892 sed
231 1838 342 1902 futura,
365 1845 393 1892 et
406 1837 514 1892 intuitu
528 1838 733 1907 applicationis
747 1855 800 1908 per
814 1841 910 1910 ipsum
927 1839 1008 1896 Chri·

19 1927 84 1972 stum
109 1877 270 1972 faciendae
312 1913 394 1970 Nihil
416 1918 492 1974 enim
513 1923 670 1990 repugnat,
700 1925 730 1974 ut
751 1919 915 1988 alienares
937 1910 1008 1974 non

19 1995 78 2052 dum
100 1998 246 2064 existens,
275 1995 327 2052 sed
347 2003 458 2053 tantum
478 1995 587 2064 futura,
617 1995 655 2050 sit
675 2011 761 2053 cansa
780 1999 890 2052 motiva
911 2005 938 2050 et
959 2013 1008 2063 ex-

20 2078 105 2132 citans
137 2075 175 2130 ad
202 2073 316 2145 aliquid
343 2074 521 2136 iaciendum.¹
560 2073 697 2147 Quamyts
719 2076 806 2130 etiam
828 2075 887 2132 dici
907 2079 1008 2145 possit,

19 2159 116 2212 merita
138 2155 192 2210 illa
214 2153 321 2210 Christi
343 2155 476 2222 Domini,
498 2155 573 2210 sicut
594 2162 622 2208 et
635 2155 694 2212 alia
708 2155 806 2220 omnia
820 2171 1009 2226 quaeeunque

20 2235 128 2304 lutura,
156 2236 245 2290 inisse
273 2243 342 2290 tunc
363 2235 526 2290 aeternitati
548 2233 602 2290 Dei
622 2233 802 2304 praesentia,
831 2250 865 2288 ac
886 2233 1007 2301 proinde

20 2313 106 2370 lleum
135 2315 246 2368 intuitu
273 2313 409 2368 illorum
405 2329 507 2390 acque
533 2313 646 2382 operari
666 2314 796 2396 potuisse
816 2315 847 2366 in
870 2311 1008 2368 distribu-

20 2393 90 2449 tione
116 2393 257 2450 donorum
278 2408 410 2459 suorum,
433 2407 466 2446 ac
490 2391 594 2463 sijum
617 2391 652 2446 de
674 2391 748 2447 iacto
769 2389 940 2448 extitissent.

74 2473 220 2541 Quaeres,
242 2473 386 2544 quomodo
400 2432 528 2543 intelligi
541 2472 645 2540 possit,
669 2471 814 2528 Christum
827 2471 929 2526 merita
942 2462 1008 2542 ιιι-

21 2555 105 2608 sionis
129 2568 198 2606 suae
219 2551 359 2607 obtulisse
379 2567 434 2620 pro
454 2553 546 2606 salute
566 2549 699 2619 illorum,
722 2553 774 2622 qui
794 2560 860 2608 ante
881 2550 943 2622 ojus
959 2548 1009 2604 ad·

20 2640 132 2688 ventum
156 2647 213 2686 nen
235 2633 328 2686 selum
349 2632 464 2696 mortui,
487 2631 538 2685 sed
559 2639 586 2686 et
607 2631 644 2686 ob
664 2639 782 2702 peccate
803 2645 870 2697 sua,
891 2631 922 2684 in
945 2631 1009 2700 qui-

19 2709 65 2766 bus
88 2711 287 2776 decesserant,
312 2709 374 2780 jam
401 2709 531 2764 damnati
556 2721 645 2764 erant.
688 2709 904 2780 Respondetur,
933 2717 1007 2764 eate-

21 2805 66 2845 nus
94 2791 225 2864 intelligi
247 2789 392 2844 Christum
417 2790 523 2843 merita‘
538 2792 682 2860 passionis
704 2805 772 2846 suae
793 2789 933 2845 obtulisse
952 2803 1006 2858 pro

20 2869 89 2937 illis,
116 2878 260 2942 qnatenus
282 2867 470 2940 approbavit,
500 2869 640 2922 etvelnti
661 2877 751 2924 ratam
772 2870 873 2926 habuit
893 2881 1007 2924 conces·

23 2951 124 3005 sionem
150 2950 305 3020 gratiarum
327 2947 505 3002 adsalutem
530 2948 751 3015 sufficientium,
780 2951 851 3019 ipsis
880 2963 897 3004 a
924 2949 1007 3002 Patre

23 3031 135 3085 coelesti
156 3030 276 3094 iactam,
297 3028 406 3081 intuitu
426 3031 586 3095 fututorum
601 3027 766 3083 meritorum
781 3039 912 3083 suorum:
936 3042 1010 3098 quac

24 3109 134 3178 quidem
158 3107 259 3162 eodem
279 3107 364 3162 modo
384 3107 458 3176 ipsis
479 3106 653 3176 applicavit,
666 3118 734 3176 ouo
755 3109 870 3162 aPstre
884 3123 937 3162 suo
946 3107 1008 3179 jans

24 3187 166 3256 applicata
187 3189 315 3254 inerant3
338 3185 416 3256 quod
438 3201 495 3243 non
515 3185 684 3255 impedivit,
713 3186 784 3256 quin
814 3187 901 3242 simul
922 3188 1008 3241 etlam

25 3277 105 3322 ratam
128 3267 249 3322 haberet
268 3267 386 3320 illorum
408 3265 639 3336 reprobationem
661 3263 699 3319 ob
719 3263 840 3319 abusum
854 3267 1011 3337 gradatum

26 3355 46 3398 et
66 3347 183 3401 tlnaleru
204 3345 462 3415 impoenitentiam.

60 3597 151 3654 dbslly,
170 3599 266 3643 natatis
280 3599 411 3653 theologica.
441 3599 457 3640 l.
