2294 3892
405 181 443 226 nu
464 181 585 224 enarra
928 163 988 234 Μ

15 302 115 369 pedion·
134 301 191 354 Del
209 301 316 364 dionae
333 316 394 354 aaa·
407 301 518 371 aliquod
538 299 674 356 laetante
695 303 808 365 duom,
829 303 989 374 oedipum

17 381 209 434 mbeieordiam
228 381 294 444 Dot',
312 395 366 449 per
386 395 466 451 quoae
485 381 598 434 interim
617 391 715 436 uotam
733 382 829 438 matis
848 391 987 452 operatur,

17 468 35 512 rt
50 461 178 514 osteum
198 461 316 514 evellant*
326 461 363 514 od
384 460 515 514 toabam
528 460 656 517 wotene
676 461 717 516 sie
732 477 783 514 rrae
793 461 878 516 ollam
892 462 987 518 boma

14 547 82 608 potest
101 540 178 594 bomo
190 539 368 610 foenerare
385 541 480 608 pratia
498 539 562 595 Dei.
611 539 649 594 Et
670 538 697 596 i.
717 538 746 596 Β.
774 538 895 610 (1.109.Ι
914 540 987 598 alb.

18 617 85 684 dioit,
112 618 260 674 bominem
286 633 370 688 posse
392 618 508 689 quidem
529 619 616 675 etium
635 621 667 675 iu
686 625 764 676 stetu
783 624 902 680 naturae
924 635 986 676 eor·
1091 658 1093 666 ‚

17 706 96 766 rupture
122 711 176 768 por
203 699 343 756 vietuteus
367 713 448 754 mam
468 698 629 754 niundon
650 697 772 769 aliquod
791 697 901 754 bonurn
920 715 986 768 por·

16 777 237 849 ieulareragera,
259 778 343 832 ¹sieut
364 777 517 835 aedificare
538 776 655 846 domos,
682 779 815 847 plantare
841 778 939 834 vineas
958 786 987 834 et

15 856 59 910 ulia
75 855 234 929 ejusmodi,
262 869 320 914 non
348 864 442 914 tamen
470 863 560 914 totum
581 857 689 914 bonnm
709 855 769 915 sibi
789 857 985 924 eoumturuio,

15 935 43 988 ita
60 945 88 990 ut
107 939 138 991 in‘
158 937 244 992 -nnllo
265 934 390 992 deiciat,

58 1059 81 1114 3.
121 1058 266 1114 Probatur
287 1056 412 1130 deniqne
432 1059 488 1116 bec
510 1057 620 1114 ratione
642 1053 764 1113 dedue'te
784 1073 821 1112 ex
840 1059 888 1125 iis,
910 1073 983 1129 quae

15 1137 73 1193 idem
101 1139 127 1194 S.
148 1139 255 1195 Doctor
284 1137 374 1206 dixit,
407 1147 466 1192 tum
494 1139 525 1194 in
554 1153 673 1210 corpore
702 1137 833 1206 articuli,
865 1144 925 1192 tum
951 1137 984 1192 in

15 1220 179 1288 responsione
207 1211 245 1272 ad
272 1215 296 1270 l.
337 1215 457 1272 Nullum
484 1233 612 1288 unquam
640 1233 712 1288 opus
739 1217 849 1272 bonnm
875 1217 983 1274 morale

13 1295 79 1351 borno
99 1295 259 1352 deliberate
280 1297 344 1352 vult
365 1303 414 1352 aut
434 1298 520 1367 faoit,
543 1295 737 1368 qnin'aliqua
756 1295 911 1366 praecedat
934 1296 983 1352 do·

13 1375 126 1434 liberatio
149 1377 286 1443 rationis,
309 1391 382 1448 quae
403 1391 515 1445 semper
537 1389 574 1430 ex
588 1377 795 1448 aliquaprima
810 1377 983 1450 cogitatione

11 1455 185 1511 indeliberata
206 1455 328 1526 pendet:
357 1471 430 1528 quae
451 1455 509 1510 nisi
530 1463 674 1522 occurrat,
703 1471 852 1527 nunqnam
874 1453 910 1510 de
931 1455 984 1510 tali

11 1533 70 1590 bono
89 1533 224 1590 iaciendo
240 1535 427 1602 deliberavit,
449 1551 501 1590 nee
515 1534 639 1604 proinde
654 1533 730 1588 illud
744 1551 872 1606 unquam
887 1535 982 1590 laniet.

12 1611 79 1669 Unde
99 1615 270 1670 Aristoteles
291 1631 308 1668 a
330 1615 357 1668 S.
373 1615 497 1670 Doctore
511 1615 621 1669 ibidem
637 1616 740 1670 citatus
756 1609 843 1684 dicit,
865 1613 982 1670 initium

10 1691 83 1748 bonae
104 1694 326 1752 consultationis
349 1709 408 1748 esse
430 1711 446 1748 a
466 1695 544 1755 bona
564 1695 694 1764 fortuna,
714 1693 822 1759 idest,
844 1709 902 1750 non
917 1710 982 1764 pro·

11 1772 91 1830 cedere
111 1774 150 1828 ab
171 1773 264 1844 ipsius
285 1773 411 1828 hominis
433 1770 593 1828 deliberata
608 1774 763 1829 voluntate.
795 1773 879 1842 Quod
892 1767 982 1846 igitur

11 1853 61 1908 tulis
80 1863 145 1920 ante
166 1869 278 1909 omnem
300 1851 540 1912 deliberationem
561 1853 592 1906 in
614 1859 707 1910 mente
728 1853 854 1908 hominis
870 1855 983 1910 exorie-

11 1937 44 1984 tur
60 1933 208 2004 cogitatio,
238 1948 295 2003 qua
323 1940 471 1988 moveatur
492 1930 554 2003 ejus
574 1932 710 1986 voluntas
731 1931 770 1985 sd
790 1933 912 2002 aliquod
931 1927 983 1988 bo-

10 2024 62 2066 num
86 2011 267 2080 iaciendum,
297 2009 334 2066 ab
359 2009 421 2088 ejus
443 2011 582 2072 electione
604 2027 661 2066 non
682 2009 806 2084 pendet,
834 2027 927 2082 neque
949 2009 982 2066 id

10 2103 36 2141 er
57 2107 83 2146 se
111 2097 257 2162 praestare
285 2097 395 2161 potest3
426 2107 501 2144 nemo
528 2091 598 2144 enim
621 2087 669 2160 '(ut
695 2089 736 2144 ait
757 2091 784 2144 S.
800 2089 981 2162 Augustinus

10 2167 48 2222 lib.
74 2169 107 2226 de
134 2171 233 2241 Spirit.
263 2178 291 2224 et
317 2169 374 2226 Lit.
396 2187 420 2226 o.
436 2171 499 2240 33.)
528 2169 607 2224 babet
634 2171 662 2222 in
684 2177 833 2240 potestate,
863 2169 930 2242 qaid
956 2173 983 2224 ee'

9 2251 79 2306 teniat
105 2253 133 2304 ἐπ
160 2260 280 2304 mentem.
323 2247 408 2306 Unde
436 2249 581 2322 sequitur,
610 2247 688 2302 illud
714 2249 835 2319 speciali
864 2249 981 2304 divinae

8 2329 189 2393 providentiae
211 2329 389 2384 ordinationi
409 2327 633 2384 adscribendum
655 2341 730 2395 esse,
753 2335 884 2396 respectu
898 2328 980 2400 qu'na

8 2406 67 2461 nihil
93 2409 211 2464 fortuito
239 2417 267 2464 et
286 2407 485 2470 indeliberate
501 2406 631 2463 accidere
652 2415 754 2477 potest.
797 2405 980 2483 Proindeque

8 2489 101 2554 quoties
130 2489 237 2560 aliquis
265 2487 372 2550 bonum
397 2487 519 2558 aliquod
540 2503 612 2558 opus
632 2487 711 2554 vult,
740 2492 790 2540 aut
817 2487 979 2558 exequitur,

8 2563 71 2620 illius
91 2567 207 2625 initium
230 2568 351 2638 speciali
372 2567 489 2622 divinae
508 2565 714 2624 beneficentiae
735 2567 846 2632 auxilio
868 2581 980 2637 semper

8 2641 151 2702 adscribere
177 2654 306 2702 tenetur:
335 2647 414 2718 quod
442 2647 559 2718 quidem
587 2644 729 2701 auxilium
757 2661 821 2700 enm
847 2645 919 2700 alies
942 2648 980 2700 sit

7 2721 50 2789 ipsi
75 2725 252 2793 indebitum,
282 2739 376 2796 neque
400 2723 461 2780 ulle
481 2727 572 2795 possit
593 2727 687 2781 afferri
708 2725 796 2793 ratio,
826 2739 877 2780 eur
903 2725 979 2781 hene

5 2804 84 2868 potius
106 2821 190 2876 quam
213 2807 300 2862 aliam
321 2806 524 2878 cogitationem
545 2804 607 2876 ejus
628 2806 716 2860 menti
732 2805 809 2860 Deus
827 2805 978 2860 immittere

6 2885 133 2956 terreatur,
167 2893 244 2940 reete
273 2901 306 2940 ae
332 2885 434 2944 metito
462 2885 617 2956 gratuitum
645 2901 694 2940 seu
723 2886 831 2956 gratiae
859 2884 977 2938 divinae

6 2963 129 3020 auxilium
151 2965 212 3020 dici
234 2963 328 3019 debet.

52 3075 240 3134 confirmatur
260 3093 297 3134 ex
325 3093 375 3144 eo,
401 3072 480 3147 quod
504 3082 580 3132 reete
601 3091 618 3133 a
639 3075 699 3131 Deo
720 3093 773 3146 per
794 3077 902 3133 Christi
920 3092 979 3133 me-

5 3151 48 3206 rita
71 3158 209 3226 potimus,
240 3165 289 3211 unt
318 3165 415 3226 petere
442 3171 593 3227 possumus
622 3155 759 3226 gratiam,
788 3155 826 3212 ad
853 3156 977 3228 quodvis

5 3233 75 3288 etiam
101 3238 252 3292 minimam
278 3251 353 3306 opus
379 3236 496 3292 virtutis
522 3233 640 3290 moratis
667 3235 873 3304 exercendum
907 3237 977 3292 item

6 3319 65 3366 teoto
84 3315 142 3384 ipsi
162 3317 224 3372 Deo
243 3317 349 3387 gratias
370 3317 481 3388 agimus
501 3329 556 3385 pro
574 3314 699 3386 siugulis
719 3314 858 3372 virtutum
886 3331 979 3372 mora·

5 3385 62 3445 ium
83 3395 194 3451 notibus
213 3409 266 3466 por
285 3411 338 3451 nos
359 3395 502 3450 exereitie
545 3393 653 3463 Atqui,
683 3401 713 3450 ut
739 3393 812 3450 dioit
830 3393 859 3448 8.
878 3396 978 3467 Augu-

5 3470 81 3526 utres
101 3470 266 3542 aplastes.
278 3501 281 3510 ·
294 3475 412 3532 erm
431 3491 487 3529 aon
504 3489 612 3532 oramus
631 3473 733 3538 Deam,
752 3473 804 3530 aed
823 3489 903 3528 orote
915 3475 977 3545 fia·

3 3547 88 3616 aba,
116 3554 143 3607 nt
161 3556 284 3627 nosipsi
302 3570 361 3610 aaa,
376 3555 452 3610 ilion
470 3555 603 3612 ammos
615 3552 830 3624 [κωφή
851 3567 975 3610 mm.-

832 3701 856 3748 Ι
