2324 3886
131 149 192 216 1oe
568 167 605 212 ua
621 169 688 214 uso
759 224 761 232 A

179 285 387 343 'Confirmatis
407 301 444 344 ex
465 302 514 353 eo,
535 287 617 357 quod
639 287 684 359 (ut
704 285 777 344 dioto
798 289 825 343 Sa
841 287 1013 345 Ambrosius
1038 291 1098 345 lib.
1118 291 1146 346 i.

131 370 313 423 Exaimeron
335 381 398 436 oap.
413 366 455 436 8.)
480 381 538 422 non
560 367 651 424 alium
671 367 709 422 ob
728 369 814 424 linem
828 367 919 424 Filius
933 367 989 424 Dei
1002 372 1038 424 in
1054 387 1146 426 mnn-

136 447 205 503 dam
226 447 324 516 venit,
346 447 405 500 nisi
425 453 457 500 ut
474 447 558 502 tollat
571 447 823 516 paoeatamundi,
846 449 1034 512 etdissolvat
1047 465 1146 520 opera

134 527 264 593 diaboli3
287 541 345 598 qua
364 526 477 582 rationo
496 525 588 598 igitur
607 528 671 583 fleri
690 535 802 598 potest,
819 535 863 582 ut
886 543 974 598 opera
993 530 1054 583 illa
1076 531 1146 584 dia·

116 607 197 677 *boli
218 607 291 662 velit
312 613 454 672 annuere,
477 613 505 660 et
526 605 564 660 ati
583 611 703 676 peecata
723 607 880 676 impellere·
894 615 923 662 et
941 602 1096 668 inuitarel

175 685 221 740 t.
263 686 359 740 Multa
378 701 415 740 ex
435 686 585 756 Scriptura
605 685 699 740 solent
719 685 847 757 objicere
868 687 1034 756 Haeretici,
1064 705 1097 741 v.
1114 707 1142 761 g.

134 766 213 838 quod
227 767 259 820 in
274 765 453 834 ordiemur,
475 765 566 820 Deam
582 766 674 833 velle,
695 773 728 820 at
741 767 812 828 liant
825 767 926 838 aliqua
940 767 1019 820 mala
1034 783 1139 838 opera,

133 855 162 902 et
182 845 219 900 sd
238 860 274 900 ea
294 845 447 915 impellere
466 845 658 915 hominesque
680 857 850 914 exemere,
874 855 903 901 et
924 862 1024 902 eorum
1047 848 1142 902 eorda

132 923 288 989 indurare,
310 933 343 979 ut
362 937 416 978 nee
435 925 550 994 possint
569 924 644 978 bene
665 939 757 996 agere.

191 1003 410 1076 Respondetnr,
439 1003 477 1060 iis
504 1001 638 1058 omnibns
665 1011 694 1058 et
712 1004 869 1060 similibus
897 1006 965 1060 aliia
986 1006 1139 1076 loquendi

132 1083 243 1150 modis,
264 1084 370 1154 quiin
392 1083 542 1152 seriptum
563 1089 734 1150 occurrunt,
756 1085 917 1156 significari
937 1093 1062 1154 tantum,
1090 1089 1140 1141 vel

131 1163 225 1218 Deum
246 1163 322 1216 velle
342 1163 664 1232 permittere-petente,
688 1163 766 1234 qnod
788 1165 1000 1234 sapientissimo
1024 1173 1140 1222 etcum

132 1245 252 1299 summis
273 1241 436 1296 rationibus
457 1243 551 1296 facore
570 1249 682 1312 potest,
702 1243 751 1296 vel
767 1241 846 1314 justo
857 1243 971 1315 judicio
986 1261 1040 1299 suo
1055 1247 1139 1300 velle

131 1322 304 1378 subtrahere
322 1319 468 1376 intertium
483 1321 651 1382 hominibus
666 1323 843 1392 peculiarem
857 1324 966 1395 gratiae
981 1339 1052 1379 auae
1067 1341 1138 1395 pro-

131 1401 301 1468 motionem,
324 1399 402 1457 unde
423 1401 552 1470 sequitur
573 1415 671 1456 eorum
692 1401 792 1472 lapsus
811 1403 843 1456 in
863 1409 990 1473 peceato.

191 1480 282 1534 Plura
310 1495 395 1552 super
422 1480 478 1534 hac
506 1495 536 1533 re
558 1480 656 1536 videri
675 1489 798 1551 possunt
818 1481 897 1552 apud
917 1482 1137 1540 Bellasminum

132 1567 200 1616 tom.
216 1559 244 1612 4.
266 1556 319 1616 lib.
335 1559 363 1614 2.
387 1559 423 1614 de
444 1560 598 1614 amissione
620 1563 728 1630 gratiae
748 1567 778 1614 et
805 1569 881 1616 statu
905 1565 1021 1631 peceati
1042 1579 1070 1618 e
1085 1563 1135 1619 ii.

133 1648 240 1710 etseq.
282 1639 318 1694 Et
346 1639 506 1693 universim
535 1637 573 1692 atl
600 1640 652 1696 has
677 1647 705 1694 et
725 1641 835 1695 similes
855 1641 1059 1697 dissolvendas
1084 1643 1136 1698 ol>

126 1718 270 1790 jectiouos
283 1731 317 1772 ¹'e
346 1719 502 1788 seripturis
524 1721 634 1787 petitas
662 1719 869 1776 recurrentium
901 1727 944 1774 est
975 1719 1014 1774 ad
1045 1723 1135 1791 ¹aliud

130 1798 326 1869 principium,
349 1798 385 1852 de
407 1811 464 1868 quo
486 1813 575 1866 supra
594 1799 626 1852 in
648 1805 769 1854 treenta
789 1799 827 1853 tie
847 1799 932 1867 Fide,
954 1815 1062 1872 nempe
1086 1819 1137 1857 ve-

130 1891 192 1934 ram
214 1883 242 1930 et
262 1884 367 1932 oertam
384 1877 548 1946 Scripturae
569 1879 836 1948 interpretationem
858 1893 915 1934 uon
931 1885 1135 1952 assnsu'par-

129 1956 264 2025 ticulari,
290 1955 344 2012 sed
371 1955 408 2010 ab
436 1957 610 2014 authoritate
635 1958 726 2028 ipsius
747 1958 910 2026 Eaelesiae,
939 1967 967 2014 et
993 1964 1136 2018 unanimi

130 2037 248 2090 Patrem
272 2047 411 2090 consensu
433 2051 494 2090 esse
513 2037 685 2106 petendam
707 2044 736 2090 et
755 2039 814 2105 sio,
837 2051 901 2092 oum
920 2037 1063 2109 objicitur
1080 2043 1136 2096 nli-

131 2116 196 2187 quis
219 2116 382 2190 Scripturas
403 2117 501 2182 loeus,
524 2115 685 2185 videndum
698 2123 757 2183 est,
779 2131 838 2172 nou
854 2117 926 2189 quid
939 2119 1024 2176 illius
1040 2122 1134 2176 verba

127 2209 198 2266 pree
225 2211 255 2250 se
283 2196 357 2250 ieme
378 2195 551 2265 videantur,
579 2195 632 2250 sesi
653 2209 710 2266 quo
725 2209 817 2252 'sensu
839 2213 856 2251 a
876 2199 924 2252 SS.
940 2196 1083 2255 Patribus
1107 2207 1134 2255 et

126 2275 164 2330 ab
187 2277 323 2339 universa
343 2275 476 2330 Ecclesia
495 2275 706 2348 intelligantur.

139 2553 141 2559 ,
199 2549 200 2552 ¹
459 2473 871 2603 suesionis)
936 2471 938 2474 ’

347 2617 403 2687 An
433 2619 593 2676 voluntas
622 2619 684 2676 Det
716 2621 760 2678 alt
778 2607 902 2712 libera.
947 2695 950 2703 .

190 2747 215 2804 l.
258 2748 307 2810 Ad
334 2749 486 2804 clariorem
510 2749 602 2822 liujus
630 2753 808 2822 quaestionis
838 2751 1045 2808 resolutionem
1080 2770 1131 2810 en·

127 2829 299 2900 plicandum
319 2837 364 2886 est
384 2829 528 2898 breviter,
558 2831 630 2901 quid
655 2831 692 2885 sit
711 2831 850 2902 libertas,
879 2833 957 2886 etin
979 2848 1038 2902 quo
1059 2851 1131 2892 vore

128 2913 156 2962 et
183 2909 305 2978 proprie·
327 2911 476 2965 eonsistat.
519 2909 553 2964 Id
580 2919 674 2965 autem
694 2912 807 2966 «melius
835 2917 863 2965 et
885 2911 991 2965 certius
1014 2911 1131 2972 discere

127 3001 187 3043 non
208 2999 377 3056 possumus,
400 3002 486 3060 quam
503 3006 526 3044 a
540 2990 567 3044 S.
580 2989 728 3046 Bernartlo
749 2991 780 3044 in
796 2989 910 3047 alinde
927 2991 1073 3062 gratiam
1094 2997 1131 3048 li-

127 3063 198 3120 boro
219 3065 357 3136 arbitrum
379 3069 431 3122 nbi
449 3069 540 3137 dicit,
562 3069 707 3138 triplicem
730 3083 790 3124 esse
810 3069 1050 3136 libertatem-tle
1071 3089 1131 3144 qua

125 3147 291 3217 promiscue
312 3149 420 3202 mentio
441 3149 474 3202 fis
493 3156 552 3203 tum
574 3149 605 3202 in
628 3149 801 3218 scriptoris,
823 3157 883 3204 tum
906 3149 985 3219 apud
1006 3151 1055 3206 SS.
1074 3152 1131 3207 Pa-

125 3234 199 3279 tres:
234 3224 260 3278 1.
283 3233 340 3293 est,
369 3241 455 3298 quom
482 3235 568 3282 voest
594 3227 759 3286 libertatem
785 3237 921 3296 naturae,
953 3229 981 3282 2.
1004 3235 1127 3303 gratiae,

124 3301 155 3357 ’3.
179 3303 306 3374 denique
328 3306 446 3376 gloriae.
489 3305 545 3361 Per
558 3309 690 3376 primam
704 3307 809 3376 *dicits
822 3325 880 3367 non
896 3308 1015 3364 liberari
1036 3326 1054 3366 a
1076 3327 1127 3367 oo·

48 3410 50 3417 ι
128 3384 244 3436 actione
270 3390 298 3438 ot
319 3387 509 3452 necessitate,
538 3399 591 3456 per
619 3384 774 3442 secundam
797 3403 814 3441 a
834 3395 970 3457 peceato,
995 3402 1048 3458 per
1070 3399 1127 3446 ter·

126 3461 197 3518 tiam
216 3460 344 3532 denique
366 3480 383 3516 a
403 3463 632 3518 mesto-etates
652 3463 739 3536 hujus
759 3468 838 3520 vitae
858 3469 992 3522 miserita.
1034 3467 1068 3522 In
1091 3487 1126 3526 eo

125 3545 220 3593 autem
240 3543 409 3610 praesertim
424 3539 576 3609 differunt,
596 3541 677 3613 *quoti
691 3545 820 3600 seauuos
831 3553 863 3599 et
879 3545 1127 3606 tostialibertatis
