2304 3888
334 197 372 241 D!
387 197 480 240 domii
499 195 630 240 costinis.

224 569 293 668 De
322 567 468 694 lapsu
493 497 757 698 Hominis
796 495 799 501 Ι

305 961 306 964 ¹
383 925 512 1008 CAPUT
539 926 574 1008 V.

13 1041 413 1172 numeramur
435 1079 974 1196 oeconomaoongrnau

179 1367 181 1372 ,
260 1279 265 1291 ¹
331 1267 561 1335 SECTIO
604 1267 629 1332 Ι.
685 1307 687 1314 ·
785 1357 786 1362 ἵ

72 1395 180 1469 Quale
198 1395 300 1454 tuerit
314 1397 494 1468 prtmorum
512 1397 686 1468 parantum
703 1397 887 1468 paccatum.
989 1405 994 1418 ¹

48 1527 70 1579 i.
112 1527 309 1596 supponimus
327 1525 352 1579 1.
375 1525 464 1595 (sicut
485 1527 569 1580 docet
588 1543 669 1580 sacra
683 1519 832 1596 Scriptura
847 1525 918 1582 Gen.
934 1524 976 1598 3.)

10 1604 101 1662 livinae
129 1607 289 1676 sapientiae
317 1607 410 1660 visum
440 1605 543 1672 inisse,
572 1596 723 1660 Hominem
752 1621 769 1659 a
797 1621 826 1660 sc
851 1613 980 1660 recenter

10 1685 133 1742 :orditum
155 1686 466 1763 impositogpraecepto
481 1685 537 1757 sibi
554 1685 701 1740 declarare
717 1683 893 1756 subjeetum
917 1700 978 1740 cae-

11 1767 52 1818 erie
78 1769 156 1820 enirn
187 1765 339 1818 arboribus
367 1765 497 1834 paradisi
527 1765 564 1818 ad
589 1781 667 1818 esum
697 1767 855 1832 concessis,
891 1765 977 1820 unius

12 1852 91 1900 antam
115 1845 249 1913 exceptio
272 1844 347 1897 facta
369 1853 425 1910 est,
455 1843 755 1916 acujus'iructibus,
784 1845 844 1899 Deo
872 1843 914 1898 ita
930 1843 983 1916 ju··

10 1934 83 1993 rente,
105 1925 253 1978 abstinere
276 1923 401 1999 deberet.
494 1979 495 1986 ,

47 2019 128 2087 Quod
150 2019 269 2091 quidem
291 2026 475 2090 praeceptum
498 2017 543 2090 (ut
565 2021 699 2084 observat
714 2021 740 2076 S.
757 2021 977 2089 chrysostomus

10 2112 60 2154 ton.
74 2100 119 2154 14.
136 2101 166 2154 in
183 2097 269 2173 Gen.)
292 2098 460 2170 probandae
474 2097 656 2161 obedientiae
672 2100 977 2158 convenientissimum

10 2177 57 2231 uit:
78 2182 189 2251 quippe
212 2177 293 2249 quod
313 2175 410 2232 datum
432 2187 489 2248 est,
511 2195 567 2234 non
591 2179 625 2236 de
642 2181 717 2234 malo
733 2181 833 2249 aliquo
848 2176 978 2246 vitand0,

10 2267 40 2310 ut
56 2259 132 2326 beno
153 2257 414 2328 faciendo„quod
442 2266 562 2320 naturae,
581 2259 645 2324 lex,
675 2261 724 2314 aut
745 2265 822 2314 recta
842 2257 922 2312 ratio.
937 2258 979 2310 vi·
1033 2317 1052 2332 ἡ

10 2337 122 2406 andum,
145 2346 195 2392 aut
216 2333 380 2392 faciendum
404 2337 538 2404 dictaret,
561 2337 611 2392 aed
633 2338 711 2408 quod
726 2354 761 2392 ex
776 2337 837 2390 sola
847 2335 978 2406 jubentis

10 2415 134 2472 retentare
155 2416 313 2487 penderet,
335 2433 368 2470 ae
390 2417 453 2472 sola
474 2419 528 2472 Dei
549 2418 720 2474 authoritate
742 2417 888 2470 niteretur.
931 2473 933 2478 ,
975 2419 981 2483 j

50 2514 247 2584 Supponimus
261 2509 288 2566 2.
317 2528 353 2568 ex
380 2513 480 2574 eodem
510 2529 533 2567 c.
549 2513 577 2570 3.
607 2511 677 2568 Gen.
705 2515 814 2586 primos
837 2519 979 2584 parentes,

10 2588 50 2646 iao
75 2597 118 2648 ita
144 2593 466 2663 permittente‚„iuisse
495 2609 512 2648 a
540 2592 678 2649 daemone
708 2600 845 2649 tentatos:
886 2592 981 2664 Neque

10 2674 70 2736 raim,
93 2681 127 2727 ut
148 2673 190 2725 ait
211 2672 238 2726 S.
254 2672 432 2743 Augustinus
454 2673 506 2726 lib.
530 2672 566 2726 de
582 2671 651 2726 Gen.
675 2689 737 2743 cap.
753 2671 781 2727 4.
802 2690 902 2742 magna
923 2673 982 2726 laea

10 2749 46 2802 tte
56 2754 172 2822 suisset,
193 2753 220 2804 ai
234 2760 384 2820 propterea
405 2753 470 2808 bene
488 2754 620 2817 moereat,
643 2755 708 2823 quta
721 2769 796 2806 nemo
810 2753 878 2806 mole
893 2753 981 2805 viam

10 2833 122 2886 amarat.

50 2927 186 2994 Quamvis
201 2935 294 2982 autam
310 2927 463 2998 cajetanus
482 2936 510 2983 et
529 2929 625 2999 aliqui
645 2929 698 2983 alii
718 2927 892 2993 existiment,
915 2943 981 2981 nar-

10 3006 129 3061 rationem
148 3007 316 3060 tentationis
339 3007 436 3074 iliius,
466 3023 539 3078 qnae
568 3009 598 3061 in
628 3008 681 3062 illo
703 3007 822 3062 Genesis
845 3007 909 3062 loco
931 3007 982 3062 ha·

10 3078 87 3154 ietnr,
117 3099 178 3140 essa
205 3085 357 3155 mysticam
385 3094 413 3139 et
433 3087 598 3157 figuratam,
628 3103 681 3142 nec
705 3087 798 3142 ullum
818 3095 980 3156 serpentem

10 3167 115 3220 uterina
127 3165 338 3234 intervenisse,
360 3165 410 3220 sed
425 3165 591 3233 diabolum,
614 3167 665 3236 qui
681 3182 765 3237 saepe
779 3167 810 3220 in
826 3167 982 3237 seripturis

10 3245 129 3312 arpentis
152 3245 267 3300 nomine
291 3243 473 3316 designatur,
494 3262 546 3315 per
568 3247 780 3316 suggestionem
801 3262 877 3301 mero
896 3249 984 3300 inter·

10 3333 59 3376 tam
78 3324 187 3393 primos
208 3329 340 3394 parantes
361 3325 561 3395 impugnasse:
583 3325 638 3378 illa
655 3331 748 3379 tamen
765 3327 865 3396 opinio
879 3325 981 3380 merito

10 3397 35 3452 ab
54 3403 185 3458 omnibus
207 3403 353 3474 rejicitur,
375 3405 591 3474 communisque
608 3411 642 3457 -et
661 3405 858 3474 receptissima
879 3405 983 3459 Docto-

10 3491 56 3534 rnn
82 3483 224 3538 sententia
252 3491 308 3549 est,
338 3483 506 3538 daemonem
534 3485 564 3537 in
587 3484 642 3538 hac
663 3485 822 3538 tentatione
842 3485 904 3538 veri
926 3497 984 3536 rer-

10 3564 87 3623 partia
108 3573 217 3634 organo
238 3567 321 3618 asum
343 3564 448 3636 fuisse,
470 3577 560 3634 eaque
575 3564 688 3628 omnia,
711 3577 785 3632 quae
799 3564 831 3615 in
844 3562 898 3616 iilo
921 3560 986 3614 eda

760 3634 826 3700 16*
