2332 3880
121 123 165 194 50
555 141 592 186 ea
611 141 684 188 rinc,
767 157 779 178 ι

122 263 292 320 nationibus
321 263 397 330 suis,
427 268 564 334 tanquam
593 258 820 317 revelationibus
842 263 869 316 ‘e'
886 259 947 318 lieo
971 261 1160 334 inimissis„

122 342 328 411 adhaerentes,
357 354 416 398 non
445 341 538 397 selune
562 355 592 396 se
611 343 709 412 ipsas,
738 340 791 396 sed
811 347 839 396 et
856 338 959 411 plures
980 341 1089 410 alios,
1116 351 1155 400 et

123 425 211 480 etiam
231 422 309 478 viros
332 421 472 494 quosdam
494 420 622 478 mndites
643 421 674 474 iu
692 435 817 476 errorem
829 420 995 476 induxisse.
1029 421 1154 478 ‘l'estis

123 511 167 560 est
187 503 232 558 sui
254 502 391 572 temporis
412 500 597 555 doctissimus
618 497 834 570 Tertullianus,
862 502 913 572 qui
941 499 1013 555 dnm
1034 504 1154 558 visio-

122 581 211 646 nibus
233 589 261 636 et
280 579 510 638 revelationibus
522 579 760 634 muliercularum
775 579 909 646 confidit,
931 581 962 634 in
976 581 1152 638 baeresim

123 669 152 718 et
174 663 269 716 varias
291 659 485 716 absurditates
506 659 676 730 turpissime
695 653 832 730 delapsus
853 665 904 714 est.

187 739 409 798 Observandum
429 735 457 793 2.
480 737 576 810 qualis
596 740 637 793 sit
656 740 722 808 ipsa
741 739 898 808 revelatio,

185 821 215 876 8.
255 823 300 875 Ac
319 821 431 890 primo,
460 830 497 874 an
524 819 679 874 conformis
701 819 739 872 sit
766 818 926 890 sapientise
952 817 1020 886 illi,
1056 835 1152 892 quae

126 901 162 954 dc
184 899 265 956 coelo
287 909 336 953 est.
379 897 461 952 'ralis
477 905 579 969 antem
601 899 671 970 erit,
700 899 724 952 sl
751 895 798 968 (ut
818 899 859 954 alt
881 895 991 952 Gerson
1013 899 1050 952 in
1081 909 1153 956 tra-

126 985 206 1035 ctatu
220 979 256 1036 de
270 978 442 1048 probatione
457 977 627 1048 spirituum)
648 977 803 1049 qualitctes
822 993 839 1031 a
853 978 880 1032 S.
892 976 1005 1033 docebo
1019 992 1103 1050 cap.
1116 981 1154 1038 ³.

126 1057 478 1125 enumeratas'lrabuerit3
500 1055 684 1112 ninimirum
705 1055 743 1112 sit
758 1057 877 1128 podice,
898 1057 1033 1123 modesto,
1065 1077 1153 1118 aua-

126 1137 228 1206 se'bilt‘e,
252 1139 327 1192 bonis
348 1138 525 1201 committeris,
543 1137 630 1208 plene
649 1135 836 1192 misericordie
850 1135 1022 1208 etfmetibar
1039 1138 1149 1196 horris.

127 1215 295 1274 Videndum
322 1223 365 1272 est
390 1217 495 1289 igitur,
524 1231 560 1269 an
578 1216 613 1269 in
635 1227 669 1270 et
689 1217 866 1272 revelatione
886 1215 1059 1288 reperiatur
1085 1223 1153 1276 ali·

126 1297 201 1370 quid
228 1299 393 1370 oppositum
421 1296 538 1350 veritati
566 1303 595 1350 et
618 1295 768 1352 doctrinae
789 1295 899 1352 curisti
919 1296 1067 1365 Domini3
1106 1317 1149 1355 an

126 1375 245 1448 tliquld
265 1377 440 1443 modestiae,
461 1374 639 1442 humilitati,
661 1375 797 1432 charitati
817 1381 868 1430 aut
883 1372 950 1429 aliis
964 1376 1150 1436 virtutibus

126 1465 308 1528 repugnans,
338 1471 373 1511 an
403 1453 518 1526 aliquid
545 1455 706 1522 curiosum,
731 1455 840 1510 inutile
865 1463 914 1508 aut
933 1455 1057 1510 lucrum
1087 1461 1150 1516 ali-

128 1534 209 1608 quod
236 1543 264 1591 et
291 1533 474 1590 commodum
502 1534 665 1604 temporale·
686 1533 886 1589 tantummode
906 1539 1068 1604 spectans3
1107 1555 1150 1594 an

128 1611 233 1670 reddat
246 1625 398 1686 personam
412 1613 532 1685 proprio
541 1613 657 1685 judioie
668 1614 717 1668 vel
728 1615 864 1684 propriae
875 1613 1022 1668 voluntati
1033 1621 1149 1691 magis

127 1695 289 1761 addictam,
311 1709 386 1766 quee
407 1693 588 1764 superiorum
605 1706 755 1748 censuram
771 1699 820 1747 aut
834 1693 957 1765 refugiat
971 1701 1024 1747 ant
1038 1698 1150 1754 etiam

126 1780 298 1828 contemnet.
341 1773 418 1828 llaec
447 1775 524 1828 enim
551 1773 664 1827 indicia
690 1780 718 1828 et
742 1773 801 1826 elia
821 1771 931 1832 similia
951 1772 1023 1826 satis
1048 1778 1149 1832 evin-

128 1860 213 1921 cunt,
235 1853 321 1908 talem
342 1853 549 1908 revelationem
570 1869 587 1908 a
607 1852 667 1908 Dee
689 1867 751 1908 esse
771 1864 830 1908 nen
850 1865 942 1923 posse.

188 1929 354 2002 Praeterea,
388 1931 504 2004 quando
531 1929 564 1986 in
591 1930 749 2002 ejusmodi*
763 1931 939 1988 revelatione
967 1931 1150 1992 suadentur

128 2011 243 2082 aliqua,
272 2017 344 2084 quae
364 2012 443 2068 bena
463 2018 492 2066 et
511 2012 562 2081 pia
582 2011 735 2079 videntem
764 2009 921 2084 diligenter
945 2013 1150 2087 perpenden-

128 2089 198 2145 dum
219 2099 277 2160 est,
300 2104 370 2147 num
388 2091 476 2148 simul
490 2091 550 2146 alia
564 2092 651 2146 etiam
666 2090 857 2160 suadeantur,
869 2117 870 2122 κ
880 2103 952 2162 quae
967 2091 1028 2146 sint
1041 2109 1148 2164 vana,

126 2171 262 2238 inutilia,
290 2171 425 2241 improba
451 2178 501 2225 aut
520 2171 624 2241 pietati
644 2168 782 2239 adversa3
811 2171 882 2225 baec
904 2177 948 2224 est
969 2171 1052 2226 enim
1080 2190 1146 2244 ars,

127 2267 186 2322 qua
213 2251 379 2322 frequenter
406 2251 528 2307 daemon
547 2252 646 2320 plures
672 2250 790 2322 decipit.
831 2247 917 2306 Unde
938 2249 966 2304 S.
982 2249 1148 2311 Arrenius

126 2327 175 2400 (ut
189 2329 276 2386 refert
289 2329 496 2400 Metaplrrcstes
511 2331 542 2383 in
559 2331 622 2402 ejus
636 2330 712 2402 vita)
733 2329 879 2397 monebat,
902 2337 934 2384 ut
947 2343 1147 2404 caveremus,

126 2421 163 2466 ne
183 2409 255 2466 boni
276 2407 401 2482 alicujus
422 2417 573 2480 praetextu
595 2409 716 2464 daemon
736 2410 768 2462 in
789 2409 867 2464 mala
883 2409 935 2463 nes
949 2410 1144 2477 impelleret

136 2501 139 2508 ¹
166 2488 364 2562 'Frequentia
382 2491 452 2544 item
473 2489 565 2544 nimia
585 2488 797 2544 revelationum
818 2490 921 2544 merito
940 2483 1009 2541 illas
1027 2506 1146 2563 snspe-

127 2577 187 2624 etas
210 2569 330 2626 reddere
351 2567 452 2636 debet,
474 2579 569 2638 neque
590 2569 667 2622 enirn
682 2567 775 2634 Dens,
794 2569 853 2622 nisi
868 2568 1001 2622 maximis
1021 2575 1051 2623 et
1070 2587 1147 2644 gra-

127 2649 256 2703 vissimis
279 2649 314 2704 de
336 2648 447 2718 causis,
470 2647 586 2717 aliquid
600 2647 727 2703 revelare
742 2647 823 2702 solet.
858 2647 896 2702 Et
910 2649 1046 2718 quamvis
1066 2661 1147 2710 ante

129 2729 239 2786 Christi
265 2727 421 2784 adventum
449 2731 544 2781 essent
565 2727 723 2783 crebriores
745 2727 952 2796 revelationes,
982 2741 1016 2780 eo
1047 2733 1147 2801 quod

127 2808 237 2862 mundo
258 2807 388 2862 tenebris
408 2821 538 2861 errorum
559 2813 658 2876 operto
679 2814 748 2862 tunc
769 2813 863 2862 essent
884 2807 1082 2878 necessariae,
1110 2821 1146 2867 ut

126 2887 189 2942 sslis
211 2888 295 2960 quasi
316 2886 492 2958 quibusdam
511 2887 617 2941 seculis
640 2894 668 2942 et
686 2887 881 2941 luminaribus
902 2888 934 2940 in
960 2885 1016 2940 illa
1042 2901 1145 2948 nocte

127 2969 252 3022 caecitas
273 2967 423 3020 beluinum
439 2965 608 3038 juvaretur3
630 2971 660 3020 a‘t
679 2982 772 3037 nunc,
795 2975 894 3022 exorto
917 2967 978 3022 sole
991 2967 1143 3027 veritatis

127 3053 157 3104 et
177 3045 280 3100 diffusa
304 3044 497 3117 undequaque
517 3045 671 3118 Evangelii
699 3047 780 3113 luce,
809 3062 875 3101 cnm
901 3046 997 3112 minus
1028 3063 1144 3106 neccs-

126 3128 221 3181 sariae
241 3127 315 3190 sint,
337 3125 432 3180 rarius
453 3141 470 3180 a
491 3125 551 3180 Dee
575 3127 637 3180 lieri
658 3125 762 3182 solent.

185 3203 319 3260 'videndi
340 3211 407 3260 sunt
427 3221 515 3276 super
534 3207 590 3260 hac
610 3207 732 3261 muteris
749 3205 895 3276 praelatus
909 3205 1039 3262 &annes
1055 3203 1143 3266 Ger-

21 3331 32 3346 ,
127 3287 231 3340 souin
254 3283 331 3338 dieto
354 3292 477 3341 tractatu
499 3283 534 3340 de
553 3285 726 3358 probatione
754 3285 925 3356 spirituum,
955 3285 982 3339 S.
996 3280 1145 3345 Vincen-

127 3367 184 3417 tius
205 3363 348 3420 Ferrerius
371 3372 493 3420 tractatu
515 3365 551 3419 de
571 3366 633 3419 vite
654 3364 802 3436 spirituaii
823 3376 846 3419 c.
863 3363 896 3419 it
914 3371 942 3420 et
959 3363 1003 3418 te.
1049 3365 1141 3424 Mer-

127 3441 205 3498 tinus
227 3443 326 3500 Delrie
347 3445 368 3499 l.
385 3443 412 3498 t.
445 3445 689 3514 Disqulsitionum
710 3445 889 3516 magicarum
910 3459 934 3499 c.
952 3441 978 3498 1.
1001 3459 1030 3514 q.
1047 3443 1081 3500 3.
1111 3459 1141 3505 et

124 3519 178 3577 alii
199 3521 313 3594 plures,
337 3523 389 3598 qui
410 3523 446 3578 de
467 3523 525 3578 hac
543 3539 572 3578 re
593 3525 685 3578 insius
707 3529 835 3596 egerunt.
856 3607 861 3616 ,
