2304 3888
166 159 230 226 wi
567 177 607 222 un
625 177 758 223 smnus

162 297 297 352 Azotum.
341 295 426 352 Ratio
446 297 534 352 mam
555 287 587 352 id
608 297 731 364 evincit,
755 297 825 369 qelu
845 299 937 353 onnia
950 305 1079 364 ereaturs,
1098 314 1134 352 ee*

164 375 295 452 guidone
315 375 509 432 iutelleetuali
529 376 578 431 vel
598 375 734 432 mobili
754 377 898 447 praedita,
923 390 993 449 quse
1013 393 1042 432 se
1059 380 1134 447 ipsun

159 455 226 512 loeo
246 467 363 512 tuerere
382 463 487 526 potest,
507 463 603 526 potest
617 457 704 512 etlam
719 457 779 512 elis
793 470 870 513 suoe
880 459 1025 528 potentiss
1041 457 1130 512 noted

161 533 300 592 ialerlora
322 547 451 602 morere,
474 543 507 590 nt
527 544 606 606 patet
625 535 812 592 inductiones
832 551 900 609 ergo
921 553 939 591 a
958 539 1028 608 pari,
1047 531 1134 606 logui

163 625 229 670 ent
250 629 280 670 se
305 625 421 671 nome
446 615 575 685 possim,
603 623 739 688 poterunt
766 616 853 670 etism
882 629 1000 688 eorpors
1026 615 1130 686 potentia

163 705 220 749 sns'
237 693 376 751 iuferiora
396 707 520 752 monere.

224 797 308 873 Quod
323 809 418 856 entem
436 807 547 872 spectet
567 800 604 856 ad
626 799 700 856 alias
721 800 897 856 substantias
919 801 1079 872 spirituales,
1097 797 1130 852 dl·

164 879 287 941 eendurn
308 885 352 934 est
372 879 516 948 similiter,
537 880 605 936 illes
627 879 758 936 facultati
772 881 886 935 metrici
902 879 1068 954 Angelorum
1081 875 1131 932 sub·

163 973 241 1028 esse,
263 959 287 1012 si
308 974 405 1014 eorum
428 961 554 1014 naturali
574 955 747 1030 perlectioni
769 960 899 1028 subsintt
922 961 977 1016 hoo
998 971 1045 1026 est,
1063 973 1130 1013 uuun

163 1039 308 1112 Angelum
330 1051 414 1108 posse
436 1039 526 1094 aliurn
548 1039 715 1094 lnie‘riorem
737 1055 867 1110 morere,
891 1041 1015 1104 sleutet
1033 1040 1135 1094 animan

162 1134 179 1171 u
201 1131 321 1190 corpore
342 1125 513 1187 separatum.
555 1119 592 1174 tlt
619 1117 734 1192 qui-dem
762 1111 801 1173 'de
823 1121 920 1174 anima
941 1127 1066 1190 separate
1083 1131 1131 1171 eon·

162 1205 220 1252 stet
247 1213 283 1252 ex
307 1211 370 1268 esp.
396 1195 440 1254 16.
463 1199 492 1252 S.
511 1197 583 1256 Luc.
613 1198 666 1254 ubi
695 1197 820 1266 dieitur,
849 1200 975 1254 animem
997 1197 1088 1254 Lazari
1110 1195 1135 1247 in

161 1279 258 1332 sinum
279 1275 415 1332 Abrahae
437 1293 498 1332 esse
520 1275 643 1333 delutum
667 1277 703 1332 eb
725 1277 856 1352 Angelis.
898 1277 941 1334 De
955 1277 1064 1350 Angelo
1081 1287 1129 1327 sero

161 1365 242 1428 petet
262 1371 299 1412 ex
320 1371 370 1423 eo,
400 1357 478 1427 quod
504 1357 612 1412 dieitur
633 1353 706 1412 nob.
729 1371 792 1428 esp.
814 1355 843 1412 8.
864 1355 1039 1428 Rsphselem
1060 1357 1131 1424 Ange·

160 1435 222 1490 lum
243 1437 471 1506 apprehendisse
493 1435 661 1492 doemonem
682 1437 893 1504 Asmodseum,
923 1437 1061 1508 illumque
1084 1433 1132 1488 elli·

68 1536 71 1548 ·
161 1515 295 1588 possein
317 1513 428 1572 deserto
450 1517 606 1588 superioris
628 1517 766 1590 Aegypti.

161 1833 163 1840 .
364 1829 368 1844 .
501 1745 815 1839 eueniet.

154 1995 159 2004 .
233 1895 409 1992 Quomodo
427 1895 549 1969 Aureli
567 1900 775 1971 menonaut
792 1908 830 1956 aa
847 1899 904 1956 vol
921 1895 1009 2002 alias
1030 1912 1085 1956 rsr.

221 2043 248 2100 l.
290 2045 362 2100 Cum
384 2045 492 2117 Angeli
517 2047 576 2100 sint
604 2053 751 2102 ereaturoe
777 2061 851 2117 pure
878 2048 1047 2118 spirituales
1064 2055 1087 2102 et
1102 2046 1133 2098 in·

159 2123 355 2191 tellectusles‚
384 2134 492 2180 eertum
521 2135 579 2194 est,
606 2125 675 2184 illos
701 2139 762 2182 esse
782 2129 869 2185 elem
891 2121 1017 2184 maxime
1037 2137 1130 2196 espanes

159 2203 368 2260 intellectionis
389 2213 416 2260 et
438 2205 621 2276 cognitionis.
663 2206 719 2260 Sed
741 2207 898 2262 dillonltss
920 2215 979 2275 est,
1008 2207 1093 2278 quolis
1108 2203 1132 2256 sit

158 2285 279 2340 illorum
301 2285 429 2356 cognitio
450 2295 478 2340 et
499 2284 537 2338 sd
558 2298 632 2356 qnae
653 2285 767 2360 objeota
782 2299 813 2340 se
828 2285 972 2341 extendet.
1008 2286 1061 2342 Pro
1072 2283 1132 2354 eujus

158 2365 341 2420 resolutione

126 2520 129 2526 ,
151 2465 154 2474 ’
222 2464 384 2524 Dicendum
399 2465 424 2522 i.
442 2465 569 2542 Angelos
584 2469 731 2540 praeditos
745 2485 806 2524 esse
822 2471 959 2526 isonltote
980 2470 1132 2524 intellectiva

162 2547 333 2698 (ullltlaeestzrug
361 2547 522 2602 substentes
553 2549 670 2604 realiter
702 2549 848 2604 distinete.
901 2550 945 2606 Ita
976 2551 1004 2604 S.
1034 2549 1133 2603 'l'hornts

222 2723 364 2788 Probatur
388 2731 413 2788 l.
443 2747 479 2789 ex
495 2731 529 2789 .S.
552 2731 694 2803 Dionysio
716 2733 769 2788 lib.
792 2733 826 2790 de
848 2734 967 2790 eoelesti
989 2732 1132 2788 Hiererchit

160 2827 186 2868 e.
205 2811 250 2868 ll.
273 2811 325 2866 nbi
347 2812 403 2868 trin
431 2811 461 2869 iu
484 2803 606 2882 Angelis
636 2813 805 2886 distinguit,
835 2813 947 2870 seilicet
973 2815 1131 2872 serrantium,

154 2893 296 2958 [virtutem
321 2899 353 2946 et
381 2894 574 2963 operationem,
604 2893 682 2964 quod
709 2902 736 2950 et
759 2893 786 2952 S.
810 2894 965 2949 Anselmus
995 2893 1073 2950 dooet
1096 2889 1131 2945 lib.

162 2971 198 3024 de
220 2980 361 3043 noneeptu
382 2967 523 3045 Virginis.

164 3103 168 3114 ι
223 3075 367 3132 Probatur
381 3078 407 3130 e.
431 3093 468 3132 ox
489 3091 538 3144 ee,
567 3076 648 3148 qnod
668 3077 831 3149 principis,
861 3091 936 3148 quoe
965 3075 1003 3130 ad
1029 3077 1133 3132 diuersos

162 3163 244 3210 aetus
264 3157 398 3226 proprios
418 3169 472 3228 per
492 3171 523 3211 se
544 3155 730 3225 ordinentur,
759 3170 790 3212 re
815 3157 882 3227 ipsu
909 3159 985 3211 inter
1005 3173 1034 3212 se
1054 3156 1133 3212 distin·

160 3242 308 3306 guuntur.·
340 3235 398 3292 Sed
429 3235 554 3290 essentie
581 3244 611 3290 ee
636 3229 767 3305 potentis
794 3235 921 3307 ulionjus
947 3232 1133 3292 erestursetd

160 3315 291 3369 diversos
313 3321 392 3368 sotus
413 3329 515 3384 perse
538 3313 705 3370 ordinatur:
727 3328 830 3387 nempe
845 3315 1019 3371 essentina'd
1033 3319 1133 3372 existen-

160 3394 243 3458 ean,
266 3393 398 3464 potentis
418 3401 486 3448 ver'e
507 3393 545 3449 ad
565 3397 780 3464 operationem
802 3397 854 3468 qui
866 3395 1034 3468 auntplaue
1047 3393 1132 3452 diversi

161 3481 253 3526 uetus.
294 3471 380 3526 Unde
401 3473 541 3542 sequitur,
563 3475 595 3530 in
610 3475 732 3546 Angelit
752 3475 913 3545 potentian
934 3478 1133 3548 eognoseiorsn

153 3565 225 3608 esse
245 3549 284 3606 sb
304 3563 403 3606 eornm
416 3553 548 3608 essentia
566 3567 624 3608 aen¹
635 3551 804 3612 substansia
825 3557 945 3612 realiter
964 3553 1121 3614 distinctum.
