<?xml version="1.0" encoding="UTF-8"?>
<!DOCTYPE html PUBLIC "-//W3C//DTD XHTML 1.0 Transitional//EN"
    "http://www.w3.org/TR/xhtml1/DTD/xhtml1-transitional.dtd">
<html xmlns="http://www.w3.org/1999/xhtml" xml:lang="en" lang="en">
 <head>
  <title>
</title>
<meta http-equiv="Content-Type" content="text/html;charset=utf-8" />
  <meta name='ocr-system' content='tesseract 3.04.00' />
  <meta name='ocr-capabilities' content='ocr_page ocr_carea ocr_par ocr_line ocrx_word'/>
</head>
<body>
  <div class='ocr_page' id='page_1' title='image "./medullatheologi01abelgoog_0389.png"; bbox 0 0 2294 3892; ppageno 0'>
   <div class='ocr_carea' id='block_1_1' title="bbox 55 155 694 224">
    <p class='ocr_par' dir='ltr' id='par_1_1' title="bbox 55 155 694 224">
     <span class='ocr_line' id='line_1_1' title="bbox 55 155 694 224; baseline 0.008 -14"><span class='ocrx_word' id='word_1_1' title='bbox 55 190 60 198; x_wconf 84' lang='lat'><em>-</em></span> <span class='ocrx_word' id='word_1_2' title='bbox 112 155 174 224; x_wconf 76' lang='grc'>388</span> <span class='ocrx_word' id='word_1_3' title='bbox 514 167 557 216; x_wconf 75' lang='lat' dir='ltr'>ur</span> <span class='ocrx_word' id='word_1_4' title='bbox 575 173 694 218; x_wconf 75' lang='lat' dir='ltr'>omma.</span> 
     </span>
    </p>
   </div>
   <div class='ocr_carea' id='block_1_2' title="bbox 112 288 1146 3464">
    <p class='ocr_par' dir='ltr' id='par_1_2' title="bbox 112 288 1097 601">
     <span class='ocr_line' id='line_1_2' title="bbox 175 288 1094 350; baseline 0.003 -3"><span class='ocrx_word' id='word_1_5' title='bbox 175 288 356 347; x_wconf 67' lang='lat' dir='ltr'>Probaturi.</span> <span class='ocrx_word' id='word_1_6' title='bbox 378 293 545 348; x_wconf 74' lang='lat' dir='ltr'>eir-concil</span> <span class='ocrx_word' id='word_1_7' title='bbox 570 291 699 348; x_wconf 70' lang='lat' dir='ltr'>undant</span> <span class='ocrx_word' id='word_1_8' title='bbox 723 309 790 350; x_wconf 89' lang='lat' dir='ltr'>sess</span> <span class='ocrx_word' id='word_1_9' title='bbox 805 293 833 349; x_wconf 77' lang='lat' dir='ltr'>d.</span> <span class='ocrx_word' id='word_1_10' title='bbox 856 309 919 348; x_wconf 88' lang='lat' dir='ltr'>can.</span> <span class='ocrx_word' id='word_1_11' title='bbox 934 295 964 350; x_wconf 79' lang='grc'><strong>3</strong></span> <span class='ocrx_word' id='word_1_12' title='bbox 986 295 1035 350; x_wconf 88' lang='lat' dir='ltr'>nbi</span> <span class='ocrx_word' id='word_1_13' title='bbox 1055 295 1094 350; x_wconf 86' lang='lat' dir='ltr'>di·</span> 
     </span>
     <span class='ocr_line' id='line_1_3' title="bbox 114 371 1095 444; baseline -0.001 -14"><span class='ocrx_word' id='word_1_14' title='bbox 114 374 189 430; x_wconf 86' lang='lat' dir='ltr'>citnr</span> <span class='ocrx_word' id='word_1_15' title='bbox 216 371 369 426; x_wconf 84' lang='lat' dir='ltr'>anathema</span> <span class='ocrx_word' id='word_1_16' title='bbox 394 372 437 438; x_wconf 87' lang='lat' dir='ltr'>ei,</span> <span class='ocrx_word' id='word_1_17' title='bbox 470 373 521 444; x_wconf 91' lang='lat' dir='ltr'>qui</span> <span class='ocrx_word' id='word_1_18' title='bbox 549 375 716 440; x_wconf 89' lang='lat' dir='ltr'>asseruerit,</span> <span class='ocrx_word' id='word_1_19' title='bbox 748 374 896 428; x_wconf 86' lang='lat' dir='ltr'>homiuem</span> <span class='ocrx_word' id='word_1_20' title='bbox 924 387 1011 444; x_wconf 88' lang='lat' dir='ltr'>posse</span> <span class='ocrx_word' id='word_1_21' title='bbox 1040 377 1095 429; x_wconf 88' lang='lat' dir='ltr'>siue</span> 
     </span>
     <span class='ocr_line' id='line_1_4' title="bbox 112 449 1097 556; baseline 0.002 -50"><span class='ocrx_word' id='word_1_22' title='bbox 112 453 317 524; x_wconf 71' lang='lat' dir='ltr'>praeveniente</span> <span class='ocrx_word' id='word_1_23' title='bbox 337 449 461 520; x_wconf 75' lang='lat' dir='ltr'><strong>Spiritus</strong></span> <span class='ocrx_word' id='word_1_24' title='bbox 488 453 581 506; x_wconf 88' lang='lat' dir='ltr'>sancti</span> <span class='ocrx_word' id='word_1_25' title='bbox 610 453 801 522; x_wconf 81' lang='lat' dir='ltr'>inspiratione</span> <span class='ocrx_word' id='word_1_26' title='bbox 825 461 857 508; x_wconf 87' lang='lat' dir='ltr'>ot</span> <span class='ocrx_word' id='word_1_27' title='bbox 877 453 1031 556; x_wconf 87' lang='lat' dir='ltr'>adjutorio·</span> <span class='ocrx_word' id='word_1_28' title='bbox 1045 469 1097 508; x_wconf 81' lang='lat' dir='ltr'>cre-</span> 
     </span>
     <span class='ocr_line' id='line_1_5' title="bbox 114 529 433 601; baseline -0.01 -15"><span class='ocrx_word' id='word_1_29' title='bbox 114 529 196 598; x_wconf 83' lang='lat' dir='ltr'>dere,</span> <span class='ocrx_word' id='word_1_30' title='bbox 218 532 294 585; x_wconf 86' lang='lat' dir='ltr'>sicut</span> <span class='ocrx_word' id='word_1_31' title='bbox 314 537 433 601; x_wconf 81' lang='lat' dir='ltr'><strong>oportet.</strong></span> 
     </span>
    </p>

    <p class='ocr_par' dir='ltr' id='par_1_3' title="bbox 112 610 1146 1398">
     <span class='ocr_line' id='line_1_6' title="bbox 173 610 1098 684; baseline 0.004 -20"><span class='ocrx_word' id='word_1_32' title='bbox 173 611 262 665; x_wconf 89' lang='lat' dir='ltr'>Porro</span> <span class='ocrx_word' id='word_1_33' title='bbox 283 625 319 664; x_wconf 87' lang='lat' dir='ltr'>ax</span> <span class='ocrx_word' id='word_1_34' title='bbox 339 610 385 666; x_wconf 88' lang='lat' dir='ltr'>his</span> <span class='ocrx_word' id='word_1_35' title='bbox 409 610 518 665; x_wconf 75' lang='lat' dir='ltr'>ultimis</span> <span class='ocrx_word' id='word_1_36' title='bbox 547 611 673 666; x_wconf 71' lang='lat' dir='ltr'>concilii</span> <span class='ocrx_word' id='word_1_37' title='bbox 701 612 798 666; x_wconf 87' lang='lat' dir='ltr'>verbis</span> <span class='ocrx_word' id='word_1_38' title='bbox 827 614 994 684; x_wconf 80' lang='lat' dir='ltr'>colligitur,</span> <span class='ocrx_word' id='word_1_39' title='bbox 1021 629 1098 684; x_wconf 89' lang='lat' dir='ltr'>posse</span> 
     </span>
     <span class='ocr_line' id='line_1_7' title="bbox 114 689 1099 762; baseline 0.002 -18"><span class='ocrx_word' id='word_1_40' title='bbox 114 689 232 762; x_wconf 86' lang='lat' dir='ltr'>quidam</span> <span class='ocrx_word' id='word_1_41' title='bbox 252 689 397 744; x_wconf 86' lang='lat' dir='ltr'>hominem</span> <span class='ocrx_word' id='word_1_42' title='bbox 417 705 469 759; x_wconf 89' lang='lat' dir='ltr'>per</span> <span class='ocrx_word' id='word_1_43' title='bbox 489 691 566 744; x_wconf 90' lang='lat' dir='ltr'>solas</span> <span class='ocrx_word' id='word_1_44' title='bbox 586 698 705 746; x_wconf 90' lang='lat' dir='ltr'>naturae</span> <span class='ocrx_word' id='word_1_45' title='bbox 726 693 803 746; x_wconf 84' lang='lat' dir='ltr'>vires</span> <span class='ocrx_word' id='word_1_46' title='bbox 823 693 960 747; x_wconf 72' lang='lat' dir='ltr'>assentiri</span> <span class='ocrx_word' id='word_1_47' title='bbox 979 695 1099 748; x_wconf 86' lang='lat' dir='ltr'>veritati-</span> 
     </span>
     <span class='ocr_line' id='line_1_8' title="bbox 112 767 1101 844; baseline 0 -18"><span class='ocrx_word' id='word_1_48' title='bbox 112 767 168 826; x_wconf 83' lang='lat' dir='ltr'>bus</span> <span class='ocrx_word' id='word_1_49' title='bbox 189 769 273 824; x_wconf 77' lang='lat' dir='ltr'>Fidei</span> <span class='ocrx_word' id='word_1_50' title='bbox 300 767 358 822; x_wconf 89' lang='lat' dir='ltr'>sibi</span> <span class='ocrx_word' id='word_1_51' title='bbox 384 769 511 824; x_wconf 86' lang='lat' dir='ltr'>exterius</span> <span class='ocrx_word' id='word_1_52' title='bbox 538 771 694 841; x_wconf 79' lang='lat' dir='ltr'>propositis</span> <span class='ocrx_word' id='word_1_53' title='bbox 723 787 840 826; x_wconf 88' lang='lat' dir='ltr'>assensu</span> <span class='ocrx_word' id='word_1_54' title='bbox 864 772 986 844; x_wconf 84' lang='lat' dir='ltr'>quidam</span> <span class='ocrx_word' id='word_1_55' title='bbox 1008 774 1101 842; x_wconf 88' lang='lat' dir='ltr'>opina·</span> 
     </span>
     <span class='ocr_line' id='line_1_9' title="bbox 114 850 1101 920; baseline 0.002 -16"><span class='ocrx_word' id='word_1_56' title='bbox 114 850 191 920; x_wconf 87' lang='lat' dir='ltr'>tivo,</span> <span class='ocrx_word' id='word_1_57' title='bbox 218 850 260 902; x_wconf 85' lang='lat' dir='ltr'>ita</span> <span class='ocrx_word' id='word_1_58' title='bbox 286 855 319 902; x_wconf 88' lang='lat' dir='ltr'>ut</span> <span class='ocrx_word' id='word_1_59' title='bbox 339 850 428 914; x_wconf 91' lang='lat' dir='ltr'>ratio,</span> <span class='ocrx_word' id='word_1_60' title='bbox 457 857 575 920; x_wconf 87' lang='lat' dir='ltr'>propter</span> <span class='ocrx_word' id='word_1_61' title='bbox 596 865 681 920; x_wconf 88' lang='lat' dir='ltr'>quam</span> <span class='ocrx_word' id='word_1_62' title='bbox 702 851 764 904; x_wconf 89' lang='lat' dir='ltr'>illis</span> <span class='ocrx_word' id='word_1_63' title='bbox 785 853 959 919; x_wconf 68' lang='lat' dir='ltr'>assentitur,</span> <span class='ocrx_word' id='word_1_64' title='bbox 991 853 1101 908; x_wconf 86' lang='lat' dir='ltr'>nonsit</span> 
     </span>
     <span class='ocr_line' id='line_1_10' title="bbox 115 927 1099 1004; baseline 0.002 -22"><span class='ocrx_word' id='word_1_65' title='bbox 115 927 217 984; x_wconf 84' lang='lat' dir='ltr'>divina</span> <span class='ocrx_word' id='word_1_66' title='bbox 244 927 398 997; x_wconf 79' lang='lat' dir='ltr'>revelatio,</span> <span class='ocrx_word' id='word_1_67' title='bbox 426 927 478 982; x_wconf 89' lang='lat' dir='ltr'>sed</span> <span class='ocrx_word' id='word_1_68' title='bbox 505 930 645 986; x_wconf 87' lang='lat' dir='ltr'>motivum</span> <span class='ocrx_word' id='word_1_69' title='bbox 672 929 792 1000; x_wconf 79' lang='lat' dir='ltr'>aliquod</span> <span class='ocrx_word' id='word_1_70' title='bbox 816 930 990 1004; x_wconf 80' lang='lat' dir='ltr'>probabile:</span> <span class='ocrx_word' id='word_1_71' title='bbox 1021 941 1052 986; x_wconf 88' lang='lat' dir='ltr'>ut</span> <span class='ocrx_word' id='word_1_72' title='bbox 1070 927 1099 984; x_wconf 85' lang='lat' dir='ltr'>in</span> 
     </span>
     <span class='ocr_line' id='line_1_11' title="bbox 114 1008 1146 1080; baseline 0 -16"><span class='ocrx_word' id='word_1_73' title='bbox 114 1008 275 1064; x_wconf 83' lang='lat' dir='ltr'>Haereticis</span> <span class='ocrx_word' id='word_1_74' title='bbox 301 1011 466 1078; x_wconf 82' lang='lat' dir='ltr'>contingere</span> <span class='ocrx_word' id='word_1_75' title='bbox 492 1009 656 1076; x_wconf 73' lang='lat' dir='ltr'>cernimur,</span> <span class='ocrx_word' id='word_1_76' title='bbox 696 1023 816 1080; x_wconf 84' lang='lat' dir='ltr'>quarum</span> <span class='ocrx_word' id='word_1_77' title='bbox 848 1010 896 1064; x_wconf 90' lang='lat' dir='ltr'>hic</span> <span class='ocrx_word' id='word_1_78' title='bbox 927 1010 1101 1066; x_wconf 77' lang='lat' dir='ltr'>assentiendi</span> <span class='ocrx_word' id='word_1_79' title='bbox 1145 1039 1146 1048; x_wconf 44' lang='grc' dir='ltr'>ι</span> 
     </span>
     <span class='ocr_line' id='line_1_12' title="bbox 114 1085 1103 1158; baseline 0.001 -16"><span class='ocrx_word' id='word_1_80' title='bbox 114 1087 218 1142; x_wconf 88' lang='lat' dir='ltr'>modus</span> <span class='ocrx_word' id='word_1_81' title='bbox 245 1090 379 1158; x_wconf 88' lang='lat' dir='ltr'>proprius</span> <span class='ocrx_word' id='word_1_82' title='bbox 405 1094 456 1142; x_wconf 88' lang='lat' dir='ltr'>est.</span> <span class='ocrx_word' id='word_1_83' title='bbox 499 1088 539 1142; x_wconf 85' lang='lat' dir='ltr'>At</span> <span class='ocrx_word' id='word_1_84' title='bbox 562 1103 630 1142; x_wconf 91' lang='lat' dir='ltr'>vero</span> <span class='ocrx_word' id='word_1_85' title='bbox 651 1085 757 1143; x_wconf 88' lang='lat' dir='ltr'>iisdem</span> <span class='ocrx_word' id='word_1_86' title='bbox 779 1089 950 1144; x_wconf 83' lang='lat' dir='ltr'>veritatibus</span> <span class='ocrx_word' id='word_1_87' title='bbox 973 1091 1103 1145; x_wconf 75' lang='lat' dir='ltr'>assentiri</span> 
     </span>
     <span class='ocr_line' id='line_1_13' title="bbox 114 1167 1104 1238; baseline 0.003 -17"><span class='ocrx_word' id='word_1_88' title='bbox 114 1181 172 1221; x_wconf 91' lang='lat' dir='ltr'>non</span> <span class='ocrx_word' id='word_1_89' title='bbox 194 1181 294 1238; x_wconf 87' lang='lat' dir='ltr'>possa,</span> <span class='ocrx_word' id='word_1_90' title='bbox 317 1169 391 1223; x_wconf 87' lang='lat' dir='ltr'>sicut</span> <span class='ocrx_word' id='word_1_91' title='bbox 412 1173 539 1236; x_wconf 87' lang='lat' dir='ltr'>oportet,</span> <span class='ocrx_word' id='word_1_92' title='bbox 566 1167 678 1234; x_wconf 89' lang='lat' dir='ltr'>idest,</span> <span class='ocrx_word' id='word_1_93' title='bbox 707 1184 824 1224; x_wconf 89' lang='lat' dir='ltr'>assensn</span> <span class='ocrx_word' id='word_1_94' title='bbox 845 1177 922 1224; x_wconf 89' lang='lat' dir='ltr'>certo</span> <span class='ocrx_word' id='word_1_95' title='bbox 946 1177 976 1224; x_wconf 85' lang='lat' dir='ltr'>et</span> <span class='ocrx_word' id='word_1_96' title='bbox 997 1171 1104 1224; x_wconf 84' lang='lat' dir='ltr'>infalli-</span> 
     </span>
     <span class='ocr_line' id='line_1_14' title="bbox 115 1246 1105 1318; baseline 0.002 -18"><span class='ocrx_word' id='word_1_97' title='bbox 115 1246 187 1317; x_wconf 88' lang='lat' dir='ltr'>bili,</span> <span class='ocrx_word' id='word_1_98' title='bbox 209 1247 380 1302; x_wconf 85' lang='lat' dir='ltr'>authoritate</span> <span class='ocrx_word' id='word_1_99' title='bbox 401 1247 456 1302; x_wconf 90' lang='lat' dir='ltr'>Dei</span> <span class='ocrx_word' id='word_1_100' title='bbox 477 1247 633 1302; x_wconf 84' lang='lat' dir='ltr'>revelantis</span> <span class='ocrx_word' id='word_1_101' title='bbox 654 1248 774 1315; x_wconf 85' lang='lat' dir='ltr'>inni&#39;xc,</span> <span class='ocrx_word' id='word_1_102' title='bbox 796 1250 857 1302; x_wconf 88' lang='lat' dir='ltr'>sine</span> <span class='ocrx_word' id='word_1_103' title='bbox 877 1249 975 1318; x_wconf 85' lang='lat' dir='ltr'>ipsius</span> <span class='ocrx_word' id='word_1_104' title='bbox 989 1249 1105 1303; x_wconf 84' lang='lat' dir='ltr'>divinas</span> 
     </span>
     <span class='ocr_line' id='line_1_15' title="bbox 116 1327 509 1398; baseline -0.005 -16"><span class='ocrx_word' id='word_1_105' title='bbox 116 1327 225 1398; x_wconf 76' lang='lat' dir='ltr'>gratiae</span> <span class='ocrx_word' id='word_1_106' title='bbox 245 1327 357 1381; x_wconf 87' lang='lat' dir='ltr'>auxilio</span> <span class='ocrx_word' id='word_1_107' title='bbox 379 1327 509 1396; x_wconf 84' lang='lat' dir='ltr'>speciali.</span> 
     </span>
    </p>

    <p class='ocr_par' dir='ltr' id='par_1_4' title="bbox 116 1404 1108 1714">
     <span class='ocr_line' id='line_1_16' title="bbox 175 1404 1105 1478; baseline 0.004 -20"><span class='ocrx_word' id='word_1_108' title='bbox 175 1404 203 1458; x_wconf 82' lang='lat' dir='ltr'>t.</span> <span class='ocrx_word' id='word_1_109' title='bbox 237 1405 437 1462; x_wconf 73' lang='lat' dir='ltr'>maeniana.</span> <span class='ocrx_word' id='word_1_110' title='bbox 457 1406 603 1462; x_wconf 88' lang='lat' dir='ltr'>hominem</span> <span class='ocrx_word' id='word_1_111' title='bbox 624 1423 681 1460; x_wconf 92' lang='lat' dir='ltr'>non</span> <span class='ocrx_word' id='word_1_112' title='bbox 702 1423 786 1476; x_wconf 87' lang='lat' dir='ltr'>posse</span> <span class='ocrx_word' id='word_1_113' title='bbox 806 1421 859 1478; x_wconf 89' lang='lat' dir='ltr'>per</span> <span class='ocrx_word' id='word_1_114' title='bbox 879 1409 1020 1478; x_wconf 87' lang='lat' dir='ltr'>proprias</span> <span class='ocrx_word' id='word_1_115' title='bbox 1034 1410 1105 1462; x_wconf 80' lang='lat' dir='ltr'>vires</span> 
     </span>
     <span class='ocr_line' id='line_1_17' title="bbox 116 1487 1107 1558; baseline 0 -18"><span class='ocrx_word' id='word_1_116' title='bbox 116 1487 208 1541; x_wconf 86' lang='lat' dir='ltr'>ullam</span> <span class='ocrx_word' id='word_1_117' title='bbox 225 1488 375 1542; x_wconf 85' lang='lat' dir='ltr'>veritatem</span> <span class='ocrx_word' id='word_1_118' title='bbox 390 1487 546 1556; x_wconf 88' lang='lat' dir='ltr'>practicam</span> <span class='ocrx_word' id='word_1_119' title='bbox 560 1487 805 1556; x_wconf 85' lang='lat' dir='ltr'>supernaturalem</span> <span class='ocrx_word' id='word_1_120' title='bbox 820 1501 1005 1558; x_wconf 79' lang='lat' dir='ltr'>cognoscere,</span> <span class='ocrx_word' id='word_1_121' title='bbox 1027 1502 1107 1558; x_wconf 87' lang='lat' dir='ltr'>posse</span> 
     </span>
     <span class='ocr_line' id='line_1_18' title="bbox 116 1565 1108 1636; baseline 0 -16"><span class='ocrx_word' id='word_1_122' title='bbox 116 1573 211 1620; x_wconf 85' lang='lat' dir='ltr'>tamen</span> <span class='ocrx_word' id='word_1_123' title='bbox 233 1565 346 1636; x_wconf 86' lang='lat' dir='ltr'>aliquas</span> <span class='ocrx_word' id='word_1_124' title='bbox 367 1568 508 1634; x_wconf 87' lang='lat' dir='ltr'>practicas</span> <span class='ocrx_word' id='word_1_125' title='bbox 528 1566 690 1629; x_wconf 83' lang='lat' dir='ltr'>naturales,</span> <span class='ocrx_word' id='word_1_126' title='bbox 719 1567 788 1622; x_wconf 86' lang='lat' dir='ltr'>licet</span> <span class='ocrx_word' id='word_1_127' title='bbox 816 1581 871 1620; x_wconf 92' lang='lat' dir='ltr'>non</span> <span class='ocrx_word' id='word_1_128' title='bbox 901 1581 1016 1620; x_wconf 85' lang='lat' dir='ltr'>omnes.</span> <span class='ocrx_word' id='word_1_129' title='bbox 1060 1567 1108 1620; x_wconf 85' lang='lat' dir='ltr'>As-</span> 
     </span>
     <span class='ocr_line' id='line_1_19' title="bbox 118 1645 610 1714; baseline 0.004 -16"><span class='ocrx_word' id='word_1_130' title='bbox 118 1645 204 1699; x_wconf 86' lang='lat' dir='ltr'>sertio</span> <span class='ocrx_word' id='word_1_131' title='bbox 225 1651 336 1698; x_wconf 89' lang='lat' dir='ltr'>constat</span> <span class='ocrx_word' id='word_1_132' title='bbox 357 1645 449 1699; x_wconf 86' lang='lat' dir='ltr'>tribus</span> <span class='ocrx_word' id='word_1_133' title='bbox 468 1645 610 1714; x_wconf 88' lang='lat' dir='ltr'>partibus.</span> 
     </span>
    </p>

    <p class='ocr_par' dir='ltr' id='par_1_5' title="bbox 115 1723 1109 2114">
     <span class='ocr_line' id='line_1_20' title="bbox 176 1723 1106 1795; baseline 0.002 -17"><span class='ocrx_word' id='word_1_134' title='bbox 176 1723 274 1778; x_wconf 89' lang='lat' dir='ltr'>Prima</span> <span class='ocrx_word' id='word_1_135' title='bbox 301 1725 370 1777; x_wconf 88' lang='lat' dir='ltr'>satis</span> <span class='ocrx_word' id='word_1_136' title='bbox 398 1729 510 1780; x_wconf 85' lang='lat' dir='ltr'>constat</span> <span class='ocrx_word' id='word_1_137' title='bbox 534 1741 570 1779; x_wconf 83' lang='lat' dir='ltr'>ex</span> <span class='ocrx_word' id='word_1_138' title='bbox 590 1726 643 1791; x_wconf 91' lang='lat' dir='ltr'>iis,</span> <span class='ocrx_word' id='word_1_139' title='bbox 672 1739 744 1795; x_wconf 87' lang='lat' dir='ltr'>qnae</span> <span class='ocrx_word' id='word_1_140' title='bbox 766 1739 819 1794; x_wconf 93' lang='lat' dir='ltr'>pro</span> <span class='ocrx_word' id='word_1_141' title='bbox 840 1723 972 1778; x_wconf 82' lang='lat' dir='ltr'>secunda</span> <span class='ocrx_word' id='word_1_142' title='bbox 994 1727 1106 1782; x_wconf 90' lang='lat' dir='ltr'>conclu·</span> 
     </span>
     <span class='ocr_line' id='line_1_21' title="bbox 116 1799 1106 1874; baseline 0.003 -18"><span class='ocrx_word' id='word_1_143' title='bbox 116 1801 197 1856; x_wconf 87' lang='lat' dir='ltr'>sione</span> <span class='ocrx_word' id='word_1_144' title='bbox 213 1799 276 1872; x_wconf 78' lang='lat' dir='ltr'>jam</span> <span class='ocrx_word' id='word_1_145' title='bbox 298 1800 492 1874; x_wconf 16' lang='lat' dir='ltr'>diximum—et</span> <span class='ocrx_word' id='word_1_146' title='bbox 511 1803 676 1859; x_wconf 74' lang='lat' dir='ltr'>confirmari</span> <span class='ocrx_word' id='word_1_147' title='bbox 695 1810 791 1873; x_wconf 89' lang='lat' dir='ltr'>potest</span> <span class='ocrx_word' id='word_1_148' title='bbox 810 1817 847 1857; x_wconf 84' lang='lat' dir='ltr'>ex</span> <span class='ocrx_word' id='word_1_149' title='bbox 868 1803 1007 1861; x_wconf 86' lang='lat' dir='ltr'>Concilio</span> <span class='ocrx_word' id='word_1_150' title='bbox 1031 1805 1106 1860; x_wconf 84' lang='lat' dir='ltr'>llilc·</span> 
     </span>
     <span class='ocr_line' id='line_1_22' title="bbox 116 1881 1109 1955; baseline 0.003 -19"><span class='ocrx_word' id='word_1_151' title='bbox 116 1881 232 1947; x_wconf 77' lang='grc' dir='ltr'><strong>ιιιιιιο,</strong></span> <span class='ocrx_word' id='word_1_152' title='bbox 261 1895 311 1936; x_wconf 89' lang='lat' dir='ltr'>son</span> <span class='ocrx_word' id='word_1_153' title='bbox 338 1882 558 1955; x_wconf 74' lang='lat' dir='ltr'>Carthaginensi</span> <span class='ocrx_word' id='word_1_154' title='bbox 582 1899 644 1938; x_wconf 86' lang='lat' dir='ltr'>can.</span> <span class='ocrx_word' id='word_1_155' title='bbox 659 1883 687 1938; x_wconf 76' lang='grc' dir='ltr'>ι.</span> <span class='ocrx_word' id='word_1_156' title='bbox 709 1883 761 1938; x_wconf 86' lang='lat' dir='ltr'>ubi</span> <span class='ocrx_word' id='word_1_157' title='bbox 783 1881 907 1950; x_wconf 85' lang='lat' dir='ltr'>dicitnr,</span> <span class='ocrx_word' id='word_1_158' title='bbox 935 1886 1042 1938; x_wconf 77' lang='grc' dir='ltr'><strong>ἀιιιιιιι</strong></span> <span class='ocrx_word' id='word_1_159' title='bbox 1060 1886 1109 1939; x_wconf 79' lang='lat' dir='ltr'>Dei</span> 
     </span>
     <span class='ocr_line' id='line_1_23' title="bbox 115 1958 1108 2034; baseline 0.002 -19"><span class='ocrx_word' id='word_1_160' title='bbox 115 1974 187 2025; x_wconf 71' lang='lat' dir='ltr'>cass,</span> <span class='ocrx_word' id='word_1_161' title='bbox 217 1961 300 2027; x_wconf 80' lang='grc' dir='ltr'><strong>ιιιιι,</strong></span> <span class='ocrx_word' id='word_1_162' title='bbox 331 1963 396 2034; x_wconf 83' lang='lat' dir='ltr'>quid</span> <span class='ocrx_word' id='word_1_163' title='bbox 409 1963 507 2034; x_wconf 76' lang='lat' dir='ltr'>facere</span> <span class='ocrx_word' id='word_1_164' title='bbox 528 1965 683 2029; x_wconf 81' lang='lat' dir='ltr'>debeamus,</span> <span class='ocrx_word' id='word_1_165' title='bbox 713 1963 818 2033; x_wconf 80' lang='lat' dir='ltr'>supple</span> <span class='ocrx_word' id='word_1_166' title='bbox 845 1958 882 2016; x_wconf 88' lang='lat' dir='ltr'>ad</span> <span class='ocrx_word' id='word_1_167' title='bbox 907 1963 1002 2018; x_wconf 86' lang='lat' dir='ltr'>vitam</span> <span class='ocrx_word' id='word_1_168' title='bbox 1024 1971 1108 2019; x_wconf 77' lang='lat' dir='ltr'>aeter-</span> 
     </span>
     <span class='ocr_line' id='line_1_24' title="bbox 116 2041 1000 2114; baseline 0.002 -20"><span class='ocrx_word' id='word_1_169' title='bbox 116 2055 184 2094; x_wconf 89' lang='lat' dir='ltr'>nam</span> <span class='ocrx_word' id='word_1_170' title='bbox 198 2041 453 2114; x_wconf 63' lang='lat' dir='ltr'>&#39;consequendam</span> <span class='ocrx_word' id='word_1_171' title='bbox 476 2044 510 2098; x_wconf 87' lang='lat' dir='ltr'>de</span> <span class='ocrx_word' id='word_1_172' title='bbox 530 2059 590 2114; x_wconf 86' lang='lat' dir='ltr'>qua</span> <span class='ocrx_word' id='word_1_173' title='bbox 608 2043 662 2101; x_wconf 71' lang='grc' dir='ltr'><strong>ιιιι</strong></span> <span class='ocrx_word' id='word_1_174' title='bbox 673 2043 809 2113; x_wconf 81' lang='lat' dir='ltr'>loquitur·</span> <span class='ocrx_word' id='word_1_175' title='bbox 823 2041 1000 2098; x_wconf 79' lang='lat' dir='ltr'>Concilium.</span> 
     </span>
    </p>

    <p class='ocr_par' dir='ltr' id='par_1_6' title="bbox 115 2119 1108 2987">
     <span class='ocr_line' id='line_1_25' title="bbox 174 2119 1104 2194; baseline 0 -19"><span class='ocrx_word' id='word_1_176' title='bbox 174 2119 306 2176; x_wconf 81' lang='lat' dir='ltr'>Secunda</span> <span class='ocrx_word' id='word_1_177' title='bbox 320 2123 486 2178; x_wconf 85' lang='lat' dir='ltr'>assertionis</span> <span class='ocrx_word' id='word_1_178' title='bbox 500 2137 570 2193; x_wconf 86' lang='lat' dir='ltr'>pars</span> <span class='ocrx_word' id='word_1_179' title='bbox 581 2121 721 2194; x_wconf 87' lang='lat' dir='ltr'>probatur</span> <span class='ocrx_word' id='word_1_180' title='bbox 734 2121 759 2176; x_wconf 90' lang='lat' dir='ltr'>l.</span> <span class='ocrx_word' id='word_1_181' title='bbox 774 2137 812 2177; x_wconf 80' lang='lat' dir='ltr'>cx</span> <span class='ocrx_word' id='word_1_182' title='bbox 825 2122 969 2190; x_wconf 83' lang='lat' dir='ltr'>Apostolo</span> <span class='ocrx_word' id='word_1_183' title='bbox 984 2123 1070 2178; x_wconf 84' lang='lat' dir='ltr'>Rom.</span> <span class='ocrx_word' id='word_1_184' title='bbox 1084 2123 1104 2177; x_wconf 93' lang='lat' dir='ltr'>l.</span> 
     </span>
     <span class='ocr_line' id='line_1_26' title="bbox 115 2199 1108 2272; baseline 0 -16"><span class='ocrx_word' id='word_1_185' title='bbox 115 2199 169 2256; x_wconf 89' lang='lat' dir='ltr'>ubi</span> <span class='ocrx_word' id='word_1_186' title='bbox 196 2199 284 2267; x_wconf 89' lang='lat' dir='ltr'>dicit,</span> <span class='ocrx_word' id='word_1_187' title='bbox 317 2201 508 2272; x_wconf 84' lang='lat' dir='ltr'>Philosophus</span> <span class='ocrx_word' id='word_1_188' title='bbox 537 2202 754 2258; x_wconf 86' lang='lat' dir='ltr'>inexcusabiles</span> <span class='ocrx_word' id='word_1_189' title='bbox 785 2203 890 2268; x_wconf 85' lang='lat' dir='ltr'>inisse,</span> <span class='ocrx_word' id='word_1_190' title='bbox 922 2204 1013 2271; x_wconf 80' lang='lat' dir='ltr'>quia,</span> <span class='ocrx_word' id='word_1_191' title='bbox 1048 2218 1108 2257; x_wconf 90' lang='lat' dir='ltr'>cnm</span> 
     </span>
     <span class='ocr_line' id='line_1_27' title="bbox 116 2281 1107 2352; baseline 0.002 -18"><span class='ocrx_word' id='word_1_192' title='bbox 116 2281 319 2351; x_wconf 76' lang='lat' dir='ltr'>cognovissent</span> <span class='ocrx_word' id='word_1_193' title='bbox 339 2281 448 2348; x_wconf 87' lang='lat' dir='ltr'>Deum,</span> <span class='ocrx_word' id='word_1_194' title='bbox 470 2297 528 2337; x_wconf 89' lang='lat' dir='ltr'>non</span> <span class='ocrx_word' id='word_1_195' title='bbox 548 2284 624 2337; x_wconf 89' lang='lat' dir='ltr'>sicut</span> <span class='ocrx_word' id='word_1_196' title='bbox 644 2282 736 2336; x_wconf 85' lang='lat' dir='ltr'>Deum</span> <span class='ocrx_word' id='word_1_197' title='bbox 757 2282 1010 2352; x_wconf 84' lang='lat' dir='ltr'>glorificaverunt:</span> <span class='ocrx_word' id='word_1_198' title='bbox 1036 2281 1107 2336; x_wconf 88' lang='lat' dir='ltr'>unde</span> 
     </span>
     <span class='ocr_line' id='line_1_28' title="bbox 116 2357 1108 2432; baseline 0.003 -20"><span class='ocrx_word' id='word_1_199' title='bbox 116 2357 263 2428; x_wconf 89' lang='lat' dir='ltr'>seqnitur,</span> <span class='ocrx_word' id='word_1_200' title='bbox 290 2359 360 2414; x_wconf 90' lang='lat' dir='ltr'>illos</span> <span class='ocrx_word' id='word_1_201' title='bbox 388 2375 446 2416; x_wconf 88' lang='lat' dir='ltr'>nou</span> <span class='ocrx_word' id='word_1_202' title='bbox 467 2367 584 2416; x_wconf 90' lang='lat' dir='ltr'>&#39;tantum</span> <span class='ocrx_word' id='word_1_203' title='bbox 605 2361 782 2432; x_wconf 84' lang='lat' dir='ltr'>speculative</span> <span class='ocrx_word' id='word_1_204' title='bbox 803 2362 990 2432; x_wconf 85' lang='lat' dir='ltr'>cognovisse,</span> <span class='ocrx_word' id='word_1_205' title='bbox 1023 2377 1108 2416; x_wconf 86' lang='lat' dir='ltr'>unum</span> 
     </span>
     <span class='ocr_line' id='line_1_29' title="bbox 115 2437 1108 2511; baseline 0.002 -19"><span class='ocrx_word' id='word_1_206' title='bbox 115 2451 178 2492; x_wconf 84' lang='lat' dir='ltr'>csse</span> <span class='ocrx_word' id='word_1_207' title='bbox 207 2438 315 2506; x_wconf 88' lang='lat' dir='ltr'>Deum,</span> <span class='ocrx_word' id='word_1_208' title='bbox 345 2439 397 2493; x_wconf 88' lang='lat' dir='ltr'>sed</span> <span class='ocrx_word' id='word_1_209' title='bbox 424 2447 453 2495; x_wconf 86' lang='lat' dir='ltr'>ot</span> <span class='ocrx_word' id='word_1_210' title='bbox 478 2442 605 2510; x_wconf 88' lang='lat' dir='ltr'>practice</span> <span class='ocrx_word' id='word_1_211' title='bbox 633 2441 719 2496; x_wconf 90' lang='lat' dir='ltr'>illum</span> <span class='ocrx_word' id='word_1_212' title='bbox 746 2455 807 2494; x_wconf 91' lang='lat' dir='ltr'>essa</span> <span class='ocrx_word' id='word_1_213' title='bbox 836 2437 1063 2511; x_wconf 76' lang='lat' dir='ltr'>glorificandum</span> <span class='ocrx_word' id='word_1_214' title='bbox 1083 2449 1108 2495; x_wconf 88' lang='lat' dir='ltr'>et</span> 
     </span>
     <span class='ocr_line' id='line_1_30' title="bbox 116 2515 1108 2592; baseline 0.001 -20"><span class='ocrx_word' id='word_1_215' title='bbox 116 2515 296 2584; x_wconf 68' lang='lat' dir='ltr'>colendum·</span> <span class='ocrx_word' id='word_1_216' title='bbox 312 2518 385 2574; x_wconf 88' lang='lat' dir='ltr'>alias</span> <span class='ocrx_word' id='word_1_217' title='bbox 406 2521 431 2574; x_wconf 91' lang='lat' dir='ltr'>si</span> <span class='ocrx_word' id='word_1_218' title='bbox 451 2520 506 2576; x_wconf 88' lang='lat' dir='ltr'>boc</span> <span class='ocrx_word' id='word_1_219' title='bbox 526 2520 741 2576; x_wconf 85' lang='lat' dir='ltr'>invincibiliter</span> <span class='ocrx_word' id='word_1_220' title='bbox 760 2521 958 2592; x_wconf 87' lang='lat' dir='ltr'>ignorassent,</span> <span class='ocrx_word' id='word_1_221' title='bbox 988 2523 1108 2576; x_wconf 84' lang='lat' dir='ltr'>inissem</span> 
     </span>
     <span class='ocr_line' id='line_1_31' title="bbox 116 2591 1108 2692; baseline 0.001 -41"><span class='ocrx_word' id='word_1_222' title='bbox 116 2591 307 2664; x_wconf 85' lang='lat' dir='ltr'>excusabiles,</span> <span class='ocrx_word' id='word_1_223' title='bbox 329 2613 394 2653; x_wconf 87' lang='lat' dir='ltr'>cnm</span> <span class='ocrx_word' id='word_1_224' title='bbox 409 2599 447 2654; x_wconf 88' lang='lat' dir='ltr'>ad</span> <span class='ocrx_word' id='word_1_225' title='bbox 461 2599 577 2670; x_wconf 88' lang='lat' dir='ltr'>culpam</span> <span class='ocrx_word' id='word_1_226' title='bbox 590 2613 648 2655; x_wconf 89' lang='lat' dir='ltr'>non</span> <span class='ocrx_word' id='word_1_227' title='bbox 663 2599 815 2692; x_wconf 82' lang='lat' dir='ltr'>deputetur</span> <span class='ocrx_word' id='word_1_228' title='bbox 828 2597 931 2670; x_wconf 77' lang='lat' dir='ltr'>(Juxta</span> <span class='ocrx_word' id='word_1_229' title='bbox 946 2599 976 2654; x_wconf 86' lang='lat' dir='ltr'>S.</span> <span class='ocrx_word' id='word_1_230' title='bbox 985 2601 1108 2672; x_wconf 83' lang='lat' dir='ltr'>August</span> 
     </span>
     <span class='ocr_line' id='line_1_32' title="bbox 116 2675 1104 2771; baseline 0.003 -42"><span class='ocrx_word' id='word_1_231' title='bbox 116 2675 169 2729; x_wconf 93' lang='lat' dir='ltr'>lib.</span> <span class='ocrx_word' id='word_1_232' title='bbox 184 2675 211 2732; x_wconf 81' lang='lat'>3.</span> <span class='ocrx_word' id='word_1_233' title='bbox 243 2675 278 2730; x_wconf 89' lang='lat' dir='ltr'>de</span> <span class='ocrx_word' id='word_1_234' title='bbox 300 2677 351 2731; x_wconf 90' lang='lat' dir='ltr'>lib.</span> <span class='ocrx_word' id='word_1_235' title='bbox 373 2679 470 2734; x_wconf 89' lang='lat' dir='ltr'>Arbit.</span> <span class='ocrx_word' id='word_1_236' title='bbox 499 2695 523 2735; x_wconf 91' lang='lat' dir='ltr'>c.</span> <span class='ocrx_word' id='word_1_237' title='bbox 542 2679 603 2749; x_wconf 81' lang='lat' dir='ltr'>ts.)</span> <span class='ocrx_word' id='word_1_238' title='bbox 634 2679 714 2749; x_wconf 89' lang='lat' dir='ltr'>qnod</span> <span class='ocrx_word' id='word_1_239' title='bbox 744 2679 809 2771; x_wconf 89' lang='lat' dir='ltr'>quis</span> <span class='ocrx_word' id='word_1_240' title='bbox 839 2679 950 2734; x_wconf 83' lang='lat' dir='ltr'>invitus</span> <span class='ocrx_word' id='word_1_241' title='bbox 983 2680 1104 2752; x_wconf 87' lang='lat' dir='ltr'>ignorat</span> 
     </span>
     <span class='ocr_line' id='line_1_33' title="bbox 116 2753 1105 2830; baseline 0.002 -20"><span class='ocrx_word' id='word_1_242' title='bbox 116 2755 260 2811; x_wconf 87' lang='lat' dir='ltr'>Probatur</span> <span class='ocrx_word' id='word_1_243' title='bbox 273 2753 300 2812; x_wconf 69' lang='lat'>2.</span> <span class='ocrx_word' id='word_1_244' title='bbox 329 2771 366 2812; x_wconf 83' lang='lat' dir='ltr'>ex</span> <span class='ocrx_word' id='word_1_245' title='bbox 392 2757 492 2814; x_wconf 88' lang='lat' dir='ltr'>eodem</span> <span class='ocrx_word' id='word_1_246' title='bbox 520 2759 548 2813; x_wconf 81' lang='lat' dir='ltr'>S.</span> <span class='ocrx_word' id='word_1_247' title='bbox 563 2759 763 2830; x_wconf 85' lang='lat' dir='ltr'>Augustino</span> <span class='ocrx_word' id='word_1_248' title='bbox 753 2758 785 2812; x_wconf 85' lang='grc' dir='ltr'>ιιι</span> <span class='ocrx_word' id='word_1_249' title='bbox 806 2757 853 2811; x_wconf 85' lang='grc' dir='ltr'>Ρι.</span> <span class='ocrx_word' id='word_1_250' title='bbox 868 2757 915 2812; x_wconf 80' lang='grc'>57.</span> <span class='ocrx_word' id='word_1_251' title='bbox 944 2758 998 2812; x_wconf 90' lang='lat' dir='ltr'>ubi</span> <span class='ocrx_word' id='word_1_252' title='bbox 1029 2759 1105 2823; x_wconf 82' lang='lat' dir='ltr'>dicit,</span> 
     </span>
     <span class='ocr_line' id='line_1_34' title="bbox 115 2835 1108 2908; baseline 0.005 -20"><span class='ocrx_word' id='word_1_253' title='bbox 115 2843 303 2906; x_wconf 83' lang='lat' dir='ltr'>praeceptum</span> <span class='ocrx_word' id='word_1_254' title='bbox 322 2835 401 2892; x_wconf 88' lang='lat' dir='ltr'>illud</span> <span class='ocrx_word' id='word_1_255' title='bbox 421 2839 526 2892; x_wconf 89' lang='lat' dir='ltr'>nostris</span> <span class='ocrx_word' id='word_1_256' title='bbox 548 2837 685 2894; x_wconf 85' lang='lat' dir='ltr'>cordibus</span> <span class='ocrx_word' id='word_1_257' title='bbox 706 2839 771 2908; x_wconf 89' lang='lat' dir='ltr'>ipsa</span> <span class='ocrx_word' id='word_1_258' title='bbox 790 2838 920 2892; x_wconf 80' lang='grc' dir='ltr'><strong>ιιιιιιιιι</strong></span> <span class='ocrx_word' id='word_1_259' title='bbox 934 2851 1029 2892; x_wconf 87' lang='lat' dir='ltr'>manu</span> <span class='ocrx_word' id='word_1_260' title='bbox 1042 2840 1108 2894; x_wconf 92' lang='lat' dir='ltr'>scri·</span> 
     </span>
     <span class='ocr_line' id='line_1_35' title="bbox 117 2915 978 2987; baseline 0.002 -19"><span class='ocrx_word' id='word_1_261' title='bbox 117 2923 198 2986; x_wconf 87' lang='lat' dir='ltr'>ptum</span> <span class='ocrx_word' id='word_1_262' title='bbox 220 2929 297 2970; x_wconf 83' lang='grc' dir='ltr'><strong>ιιιι·</strong></span> <span class='ocrx_word' id='word_1_263' title='bbox 322 2915 398 2979; x_wconf 81' lang='lat' dir='ltr'>Quod</span> <span class='ocrx_word' id='word_1_264' title='bbox 419 2918 468 2972; x_wconf 79' lang='lat' dir='ltr'>tibi</span> <span class='ocrx_word' id='word_1_265' title='bbox 479 2917 547 2987; x_wconf 80' lang='lat' dir='ltr'>fieri</span> <span class='ocrx_word' id='word_1_266' title='bbox 566 2935 619 2972; x_wconf 83' lang='lat' dir='ltr'>noa</span> <span class='ocrx_word' id='word_1_267' title='bbox 639 2919 693 2983; x_wconf 81' lang='lat' dir='ltr'>uis,</span> <span class='ocrx_word' id='word_1_268' title='bbox 716 2919 800 2971; x_wconf 76' lang='lat' dir='ltr'>uberi</span> <span class='ocrx_word' id='word_1_269' title='bbox 815 2933 848 2970; x_wconf 82' lang='grc' dir='ltr'>ιιι</span> <span class='ocrx_word' id='word_1_270' title='bbox 862 2916 978 2987; x_wconf 81' lang='lat' dir='ltr'>seceris.</span> 
     </span>
    </p>

    <p class='ocr_par' dir='ltr' id='par_1_7' title="bbox 116 2993 1108 3464">
     <span class='ocr_line' id='line_1_36' title="bbox 178 2993 1107 3067; baseline 0.003 -20"><span class='ocrx_word' id='word_1_271' title='bbox 178 2993 275 3048; x_wconf 77' lang='lat' dir='ltr'>Tertia</span> <span class='ocrx_word' id='word_1_272' title='bbox 301 2996 426 3067; x_wconf 89' lang='lat' dir='ltr'>denique</span> <span class='ocrx_word' id='word_1_273' title='bbox 452 3013 520 3066; x_wconf 92' lang='lat' dir='ltr'>pars</span> <span class='ocrx_word' id='word_1_274' title='bbox 549 2997 714 3052; x_wconf 84' lang='lat' dir='ltr'>assertionis</span> <span class='ocrx_word' id='word_1_275' title='bbox 739 3003 848 3052; x_wconf 90' lang='lat' dir='ltr'>constat</span> <span class='ocrx_word' id='word_1_276' title='bbox 869 3003 929 3050; x_wconf 93' lang='lat' dir='ltr'>tum</span> <span class='ocrx_word' id='word_1_277' title='bbox 951 3011 990 3050; x_wconf 79' lang='lat' dir='ltr'>ex</span> <span class='ocrx_word' id='word_1_278' title='bbox 1010 2997 1107 3050; x_wconf 87' lang='lat' dir='ltr'>huma·</span> 
     </span>
     <span class='ocr_line' id='line_1_37' title="bbox 118 3063 1108 3146; baseline 0.004 -20"><span class='ocrx_word' id='word_1_279' title='bbox 118 3063 173 3126; x_wconf 83' lang='lat' dir='ltr'>nac</span> <span class='ocrx_word' id='word_1_280' title='bbox 191 3075 295 3128; x_wconf 85' lang='lat' dir='ltr'>mentis</span> <span class='ocrx_word' id='word_1_281' title='bbox 315 3076 532 3141; x_wconf 86' lang='lat' dir='ltr'>imbecillitate,</span> <span class='ocrx_word' id='word_1_282' title='bbox 553 3083 615 3130; x_wconf 89' lang='lat' dir='ltr'>tum</span> <span class='ocrx_word' id='word_1_283' title='bbox 633 3091 668 3130; x_wconf 82' lang='lat' dir='ltr'>er</span> <span class='ocrx_word' id='word_1_284' title='bbox 683 3075 868 3146; x_wconf 75' lang='lat' dir='ltr'>difficultate,</span> <span class='ocrx_word' id='word_1_285' title='bbox 891 3089 968 3145; x_wconf 88' lang='lat' dir='ltr'>quae</span> <span class='ocrx_word' id='word_1_286' title='bbox 982 3076 1108 3145; x_wconf 87' lang='lat' dir='ltr'>plerum-</span> 
     </span>
     <span class='ocr_line' id='line_1_38' title="bbox 117 3153 1106 3222; baseline 0.004 -18"><span class='ocrx_word' id='word_1_287' title='bbox 117 3165 173 3222; x_wconf 86' lang='lat' dir='ltr'>que</span> <span class='ocrx_word' id='word_1_288' title='bbox 201 3155 326 3208; x_wconf 88' lang='lat' dir='ltr'>occurrit</span> <span class='ocrx_word' id='word_1_289' title='bbox 351 3155 389 3209; x_wconf 87' lang='lat' dir='ltr'>ad</span> <span class='ocrx_word' id='word_1_290' title='bbox 416 3153 639 3212; x_wconf 88' lang='lat' dir='ltr'>discernendum</span> <span class='ocrx_word' id='word_1_291' title='bbox 666 3155 773 3210; x_wconf 91' lang='lat' dir='ltr'>bonum</span> <span class='ocrx_word' id='word_1_292' title='bbox 802 3169 820 3208; x_wconf 93' lang='lat' dir='ltr'>a</span> <span class='ocrx_word' id='word_1_293' title='bbox 847 3155 961 3210; x_wconf 86' lang='lat' dir='ltr'>malo</span> <span class='ocrx_word' id='word_1_294' title='bbox 951 3171 984 3208; x_wconf 90' lang='grc' dir='ltr'>ιιι</span> <span class='ocrx_word' id='word_1_295' title='bbox 1009 3155 1106 3210; x_wconf 87' lang='lat' dir='ltr'>multis</span> 
     </span>
     <span class='ocr_line' id='line_1_39' title="bbox 118 3229 1107 3303; baseline 0.005 -20"><span class='ocrx_word' id='word_1_296' title='bbox 118 3229 233 3284; x_wconf 89' lang='lat' dir='ltr'>casibus</span> <span class='ocrx_word' id='word_1_297' title='bbox 261 3235 503 3301; x_wconf 86' lang='lat' dir='ltr'>particularibus,</span> <span class='ocrx_word' id='word_1_298' title='bbox 532 3242 590 3288; x_wconf 86' lang='lat' dir='ltr'>turn</span> <span class='ocrx_word' id='word_1_299' title='bbox 618 3236 703 3289; x_wconf 90' lang='lat' dir='ltr'>etiarn</span> <span class='ocrx_word' id='word_1_300' title='bbox 731 3249 768 3288; x_wconf 84' lang='lat' dir='ltr'>ex</span> <span class='ocrx_word' id='word_1_301' title='bbox 791 3233 942 3288; x_wconf 88' lang='lat' dir='ltr'>contrariis</span> <span class='ocrx_word' id='word_1_302' title='bbox 965 3235 1107 3303; x_wconf 85' lang='lat' dir='ltr'>passioni·</span> 
     </span>
     <span class='ocr_line' id='line_1_40' title="bbox 116 3309 1108 3386; baseline 0.006 -24"><span class='ocrx_word' id='word_1_303' title='bbox 116 3309 188 3374; x_wconf 90' lang='lat' dir='ltr'>bns,</span> <span class='ocrx_word' id='word_1_304' title='bbox 210 3309 316 3378; x_wconf 86' lang='lat' dir='ltr'>quibus</span> <span class='ocrx_word' id='word_1_305' title='bbox 337 3319 472 3386; x_wconf 84' lang='lat' dir='ltr'>tanquam</span> <span class='ocrx_word' id='word_1_306' title='bbox 488 3313 615 3368; x_wconf 86' lang='lat' dir='ltr'>nubibus</span> <span class='ocrx_word' id='word_1_307' title='bbox 628 3329 708 3370; x_wconf 89' lang='lat' dir='ltr'>meas</span> <span class='ocrx_word' id='word_1_308' title='bbox 721 3313 909 3379; x_wconf 62' lang='lat' dir='ltr'>obscuratum</span> <span class='ocrx_word' id='word_1_309' title='bbox 930 3329 1020 3384; x_wconf 87' lang='lat' dir='ltr'>saepe</span> <span class='ocrx_word' id='word_1_310' title='bbox 1034 3316 1108 3370; x_wconf 88' lang='lat' dir='ltr'>enim</span> 
     </span>
     <span class='ocr_line' id='line_1_41' title="bbox 118 3387 1106 3464; baseline 0.008 -26"><span class='ocrx_word' id='word_1_311' title='bbox 118 3387 230 3454; x_wconf 86' lang='lat' dir='ltr'>evenit,</span> <span class='ocrx_word' id='word_1_312' title='bbox 253 3387 425 3444; x_wconf 87' lang='lat' dir='ltr'>sentientem</span> <span class='ocrx_word' id='word_1_313' title='bbox 442 3395 630 3462; x_wconf 85' lang='lat' dir='ltr'>appetitum</span> <span class='ocrx_word' id='word_1_314' title='bbox 622 3411 652 3448; x_wconf 88' lang='grc' dir='ltr'>ιιι</span> <span class='ocrx_word' id='word_1_315' title='bbox 673 3392 819 3464; x_wconf 89' lang='lat' dir='ltr'>objectum</span> <span class='ocrx_word' id='word_1_316' title='bbox 840 3390 898 3446; x_wconf 87' lang='lat' dir='ltr'>sibi</span> <span class='ocrx_word' id='word_1_317' title='bbox 918 3395 1106 3458; x_wconf 87' lang='lat' dir='ltr'>conveniens,</span> 
     </span>
    </p>
   </div>
   <div class='ocr_carea' id='block_1_3' title="bbox 12 3463 1109 3542">
    <p class='ocr_par' dir='ltr' id='par_1_8' title="bbox 12 3463 1109 3542">
     <span class='ocr_line' id='line_1_42' title="bbox 12 3463 1109 3542; baseline 0.011 -28"><span class='ocrx_word' id='word_1_318' title='bbox 12 3483 15 3488; x_wconf 94' lang='lat'>·</span> <span class='ocrx_word' id='word_1_319' title='bbox 117 3463 188 3516; x_wconf 82' lang='lat' dir='ltr'>iicet</span> <span class='ocrx_word' id='word_1_320' title='bbox 215 3463 335 3519; x_wconf 90' lang='lat' dir='ltr'>aliunde</span> <span class='ocrx_word' id='word_1_321' title='bbox 361 3481 380 3520; x_wconf 87' lang='lat' dir='ltr'>a</span> <span class='ocrx_word' id='word_1_322' title='bbox 407 3475 483 3534; x_wconf 84' lang='lat' dir='ltr'>recto</span> <span class='ocrx_word' id='word_1_323' title='bbox 510 3473 645 3525; x_wconf 86' lang='lat' dir='ltr'>rationis</span> <span class='ocrx_word' id='word_1_324' title='bbox 652 3472 754 3528; x_wconf 83' lang='lat' dir='ltr'>ordine</span> <span class='ocrx_word' id='word_1_325' title='bbox 775 3471 918 3542; x_wconf 87' lang='lat' dir='ltr'>alienum,</span> <span class='ocrx_word' id='word_1_326' title='bbox 944 3473 1109 3526; x_wconf 81' lang='lat' dir='ltr'>vehementi</span> 
     </span>
    </p>
   </div>
   <div class='ocr_carea' id='block_1_4' title="bbox 117 3543 1108 3624">
    <p class='ocr_par' dir='ltr' id='par_1_9' title="bbox 117 3543 1108 3624">
     <span class='ocr_line' id='line_1_43' title="bbox 117 3543 1108 3624; baseline 0.012 -30"><span class='ocrx_word' id='word_1_327' title='bbox 117 3547 196 3594; x_wconf 84' lang='lat' dir='ltr'>motu</span> <span class='ocrx_word' id='word_1_328' title='bbox 216 3543 329 3612; x_wconf 87' lang='lat' dir='ltr'>abripi.</span> <span class='ocrx_word' id='word_1_329' title='bbox 352 3545 429 3600; x_wconf 90' lang='lat' dir='ltr'>unde</span> <span class='ocrx_word' id='word_1_330' title='bbox 450 3551 579 3617; x_wconf 87' lang='lat' dir='ltr'>seqnitur</span> <span class='ocrx_word' id='word_1_331' title='bbox 599 3551 702 3606; x_wconf 88' lang='lat' dir='ltr'>mentis</span> <span class='ocrx_word' id='word_1_332' title='bbox 722 3553 845 3624; x_wconf 81' lang='lat' dir='ltr'>languor</span> <span class='ocrx_word' id='word_1_333' title='bbox 866 3557 894 3608; x_wconf 87' lang='lat' dir='ltr'>ot</span> <span class='ocrx_word' id='word_1_334' title='bbox 914 3551 1108 3616; x_wconf 78' lang='lat' dir='ltr'>obnubilatio,</span> 
     </span>
    </p>
   </div>
   <div class='ocr_carea' id='block_1_5' title="bbox 0 0 1158 3892">
    <p class='ocr_par' dir='ltr' id='par_1_10' title="bbox 0 0 1158 3892">
     <span class='ocr_line' id='line_1_44' title="bbox 0 0 1158 3892; baseline 0 0"><span class='ocrx_word' id='word_1_335' title='bbox 0 0 1158 3892; x_wconf 95' lang='lat' dir='ltr'> </span> 
     </span>
    </p>
   </div>
  </div>
 </body>
</html>
