2332 3880
469 107 599 160 um.

412 368 653 438 secutori
732 401 736 408 ·

295 493 356 556 De
390 492 594 570 symbolo
629 489 764 558 i'l'dai.

92 633 158 686 cnm
181 633 263 688 inter
283 630 456 700 apostolicas
478 624 663 686 'traditiones
684 643 742 685 una
762 643 799 686 ex
819 631 985 704 praecipuis
998 637 1029 694 et

24 711 138 780 'pupulo
158 706 326 766 christiano
346 711 471 764 maxine
490 710 663 764 necessariis
683 711 722 765 sit
744 709 911 782 cymbulam
931 711 1026 786 Fidei,

40 790 97 845 ideo
116 789 152 846 de
172 789 233 846 iilo
252 789 381 844 breviter
400 789 450 843 hic
471 788 615 860 agendum
636 793 687 846 est.
728 789 830 862 Itaque

93 868 115 924 1.
156 867 328 926 Dicendum
350 867 376 922 1.
402 867 489 924 valde
509 869 704 924 necessarium
724 871 813 925 tuisse
835 871 922 928 condi
941 869 1028 928 libers

41 948 94 1002 lum
117 950 222 1016 iilum,
252 951 305 1019 881
332 943 440 1009 dicitur
467 947 554 1019 vulgo
575 948 741 1018 symbolum
761 947 861 1018 Fidei,
890 965 948 1024 888
967 951 1029 1024 prib

42 1029 120 1082 naria
136 1030 307 1084 catholicas
323 1027 407 1082 Fidei
427 1027 525 1098 capita
546 1029 627 1082 velut
646 1029 677 1082 18
700 1025 903 1100 compendium
916 1031 1027 1135 bieria·
1129 1055 1131 1059 ·

40 1107 129 1162 simum
149 1109 364 1180 redigerentur.
741 1126 744 1132 ·

88 1187 144 1242 Hac
158 1190 241 1242 enim
255 1187 398 1242 brevitate
419 1185 466 1258 (ut
479 1185 564 1241 docet
578 1187 605 1241 8.
618 1188 740 1260 August.
761 1187 817 1242 lib.
830 1186 855 1242 1.
879 1189 916 1245 (18
929 1187 1024 1262 symb'.

37 1265 69 1319 ad
82 1268 195 1322 Gateolt.
213 1277 277 1338 cap.
297 1264 339 1338 i.)
361 1267 523 1322 consultum
538 1266 723 1334 indidistis,
746 1267 861 1322 rusticis
875 1277 903 1323 et
916 1271 1025 1342 pueris,

36 1351 64 1398 ut
80 1345 179 1402 iidem
203 1347 382 1417 explicatam
404 1346 440 1400 de
460 1346 628 1417 praecipuis
649 1347 795 1416 mysteriis
816 1344 933 1404 facilius
959 1359 1027 1405 888·

36 1425 122 1494 cipere
148 1435 179 1482 et
208 1427 336 1482 retinere
362 1432 488 1496 possent.
530 1425 643 1480 Deinde
671 1427 771 1480 eadem
789 1425 916 1484 brevitas
937 1429 1027 1500 aptia-

34 1505 98 1558 aims
117 1507 191 1574 tuit,
212 1503 354 1560 nautici
374 1505 472 1560 unitos
492 1513 520 1560 et
541 1506 727 1560 conformitas
748 1512 808 1562 toto
823 1505 893 1564 orbe
907 1509 1024 1566 18811188

34 1593 204 1654 servaretur,
227 1597 384 1656 omnesque
407 1581 566 1664 8181811881
587 1593 683 1640 essent
701 1586 788 1640 unius
806 1583 881 1642 labii
895 1595 924 1641 et
936 1588 1024 1644 unius

34 1663 98 1731 oris,
119 1674 151 1720 ut
171 1665 275 1720 innuit
296 1665 323 1718 S.
338 1663 474 1720 irenaeus
494 1663 547 1720 lib.
566 1662 591 1718 1.
615 1672 715 1720 contra
735 1665 867 1720 haereses
881 1682 944 1738 cap.
960 1667 988 1724 11.

83 1743 109 1798 2.
151 1743 321 1799 Dicendum
342 1743 371 1800 2.
399 1743 565 1814 symbolum
593 1743 679 1808 Fidei
706 1745 866 1811 catholicae
886 1745 923 1802 ab
944 1747 1024 1819 Apo·

33 1824 104 1878 stolis
123 1826 219 1880 fuisse
242 1823 398 1878 eonditum.
549 1853 554 1862 =

83 1904 142 1960 lico
158 1911 307 1974 -tauquam
328 1910 438 1961 eertum
459 1901 617 1960 tenendum
638 1911 699 1969 ast,
724 1919 760 1960 ao
785 1907 888 1970 8888118
909 1907 1024 1965 teteri-

33 1983 89 2037 tatis
110 1993 139 2038 et
160 1983 271 2037 erroris
293 1979 475 2041 damnandus
496 1982 648 2050 Erasmus,
671 1983 721 2053 qui
742 1985 774 2038 in
792 1985 972 2054 praefatione
986 1985 1025 2042 ad

33 2075 88 2116 suas
109 2061 306 2132 paraphrases
328 2062 359 2115 ln
382 2061 599 2116 81181188888
622 2059 738 2116 dubitat
758 2062 793 2117 de
814 2061 869 2118 hac
890 2066 1022 2134 veritate,

33 2155 108 2209 quam
136 2151 239 2197 tamen
260 2139 455 2196 indubitatam
476 2142 613 2196 uniuersa
634 2154 746 2211 semper
766 2143 861 2198 tenuit
880 2143 1022 2212 Ecclesia,

32 2227 55 2272 et
74 2237 162 2292 quam
187 2219 365 2276 unanimiter
386 2220 490 2276 docent
511 2217 667 2288 8.·Ρ81888,
696 2227 728 2274 81
756 2221 783 2276 8.
798 2219 971 2294 Ambrosius
991 2219 1023 2277 in'

32 2313 105 2355 serm.
122 2301 161 2355 de
177 2299 247 2353 Elia
261 2307 289 2354 et
298 2300 420 2371 Jejunio,
436 2299 590 2356 81118888.
607 2300 690 2370 epist.
703 2299 750 2353 di.
766 2300 795 2354 8.
808 2301 866 2356 Leo
881 2301 963 2371 epist
975 2294 1022 2359 13.

30 2377 55 2430 8.
69 2381 193 2454 August.
216 2389 298 2434 serm.
317 2379 345 2434 2.
375 2379 546 2434 Dominicae
572 2381 604 2432 18
632 2379 797 2434 Palmarum
825 2377 941 2447 Remis,
969 2379 1023 2456 ubl

30 2459 109 2514 etiam
129 2458 295 2529 unicuique
316 2457 521 2529 Apostolorum
543 2475 626 2512 suum
648 2457 802 2515 articulum
831 2457 942 2514 tribuit.
984 2457 1023 2514 Di

29 2537 89 2594 ideo
108 2538 191 2595 illud
205 2538 289 2593 Fidei
307 2537 510 2609 compendium
526 2545 659 2592 vocatum
675 2545 717 2594 est
731 2536 914 2608 Symbolum,
936 2539 1020 2612 88881

30 2617 143 2674 collatio
159 2626 189 2673 et
202 2625 333 2672 mutuum
348 2619 516 2682 consilium
539 2619 610 2688 8818
623 2617 737 2672 88111881
760 2616 1020 2688 (8188888818-

29 2711 100 2751 mens
114 2699 202 2768 epist
219 2695 243 2750 1,
260 2697 296 2750 81
310 2694 469 2766 iacobum)
489 2696 626 2768 Apostoli
646 2697 792 2752 communi
807 2697 929 2752 oonsilio
943 2698 1022 2752 inter

30 2791 54 2837 se
72 2777 176 2833 habito
195 2775 274 2832 iilud
295 2775 503 2843 condiderunt,
532 2776 581 2831 vel
608 2779 679 2848 8818
707 2783 752 2830 est
770 2777 854 2847 88881
873 2773 1018 2834 indicium

31 2872 73 2910 seu
96 2859 232 2931 siguum,
260 2873 317 2927 quo
344 2855 445 2912 fideles
473 2856 510 2910 ab
537 2855 708 2910 infidelibus
737 2854 864 2910 discerni
891 2850 1029 2928 possent,⁴

30 2941 56 2990 ut
73 2945 154 2992 notat
175 2936 253 2990 idern
275 2937 303 2990 8.
320 2929 451 2992 Clemens
472 2933 592 2990 ibidem.

80 3015 106 3069 3.
141 3015 305 3070 Dicendum
319 3015 347 3070 3.
370 3015 429 3070 8118
451 3029 565 3086 888888
579 3013 661 3070 Fidei
679 3013 813 3084 symbola
833 3013 865 3068 in
885 3015 1020 3071 Ecclesia

30 3095 166 3150 catholiea
193 3095 272 3150 edita
291 3109 353 3150 esse
374 3096 463 3148 variis
489 3094 683 3164 temporibus,
711 3091 861 3150 occasione
887 3091 1017 3151 diversa·

29 3189 84 3228 rum
102 3177 259 3231 haereseon
281 3176 509 3244 erumpentium·3
537 3189 613 3246 quae
632 3181 727 3230 tamen
749 3173 825 3228 nihil
845 3173 928 3228 aliud
948 3185 1016 3229 eun-

30 3253 128 3326 tiuent‚
158 3269 246 3326 quam
266 3253 428 3324 pleniorem
449 3253 541 3324 ipsius
563 3247 865 3324 symboli'apostolici
885 3253 1015 3323 explica·

30 3331 134 3389 tionem.
177 3334 253 3390 8888
273 3339 368 3388 autem
389 3332 445 3387 tria
465 3339 535 3410 prae
556 3333 675 3388 caeteris
690 3333 722 3386 in
735 3329 1025 3410 licclesia‘reoeptm

79 3413 206 3469 Primum
227 3410 383 3478 catilini,
412 3412 491 3484 quod
517 3411 549 3470 in
570 3412 592 3484 l.
609 3405 742 3468 concilio
761 3411 889 3468 Nicaeno
910 3411 1012 3466 attera

30 3505 71 3544 aus
89 3493 230 3550 haeresim
249 3493 317 3548 Arii
338 3489 449 3548 editum
470 3491 540 3559 luit,
566 3491 598 3546 in
619 3505 676 3562 888
697 3506 731 3546 ea
751 3505 825 3561 quae
844 3489 884 3544 ad
905 3488 1013 3544 tiirittld
