2332 3880
100 126 189 210 YIII
519 145 695 197 runcino

108 289 324 390 popseroinsto
348 288 509 388 affixerat:
539 286 629 386 iilum
657 287 807 357 videlicet
833 291 893 358 hee
920 291 1042 390 retiope
1062 291 1105 357 eb

107 382 225 522 mpusto
253 393 433 471 possessore
461 371 683 460 vrndreondo,
699 382 730 438 et
757 395 853 440 verse
877 395 917 438 so
945 373 1108 461 legitimae

109 455 138 640 Τ
161 455 564 638 Ἑξιιέῗίθοθξιθιευῗᾞὲξξὲἐίε
605 538 661 624 qui
681 547 756 640 post
775 549 823 606 tot
844 549 876 606 et
896 549 961 606 tem
981 539 1107 639 nobiles

109 641 282 709 insignium
296 622 534 720 ΙΤῑιιιιιίοςοιιιιιι
547 584 804 720 eiucubrstsones
817 625 1006 724 opusculum
1020 621 1107 690 rstud

110 707 227 804 [rostro
249 715 281 772 et
300 705 458 804 inutiliter
474 706 508 770 in
525 705 630 804 lucern
645 705 776 793 prodire
787 707 1107 806 srirruentrrrpproe

110 797 221 856 sertim
240 811 313 854 cum
329 809 398 875 Jun
417 788 494 856 alies
511 799 543 854 et
564 799 659 854 etrum
677 809 781 877 nuper
802 791 870 855 vrri
883 791 1055 857 doctisum
1073 813 1107 854 ιιι

111 871 545 970 Theologioeompendurio
571 871 667 938 modo
696 873 883 962 explicando
902 895 1031 973 operam
1050 895 1110 962 pe

112 956 249 1038 suerint,
271 955 583 1052 opusque-synopsim
596 955 859 1022 absolutissimum
873 957 1042 1024 ediderint:
1065 958 1111 1021 ite

111 1039 260 1106 attidem
287 1051 401 1104 lterum
430 1048 598 1120 attentare,
628 1037 709 1103 nihil
738 1033 826 1105 aliud
855 1061 925 1106 esse
953 1037 1107 1122 videntur,

112 1127 208 1210 quim
229 1131 333 1187 actim
354 1143 460 1210 ogere.
504 1120 624 1186 Verum
646 1144 688 1187 ex
715 1123 768 1205 iis,
798 1145 881 1210 queo
907 1145 1005 1212 supro
1024 1123 1111 1188 diets

7 1283 8 1286 Ἴ
112 1215 202 1287 sunt,
227 1205 325 1270 ‚focile
356 1206 459 1292 quivis
486 1203 587 1272 intelli
612 1225 665 1270 ere
696 1207 843 1293 poterit,
867 1229 998 1295 scopum
1034 1207 1111 1272 huic

112 1312 132 1358 o
191 1289 202 1352 i
230 1289 427 1376 propositum
455 1289 552 1375 longe
581 1227 742 1354 diversum
768 1311 839 1356 esse
862 1290 904 1354 eb
926 1311 981 1373 eo,
1013 1311 1110 1376 quem

129 1372 166 1438 ii
193 1393 209 1436 s
232 1381 353 1437 eotesse
379 1371 534 1437 videntur.
577 1369 632 1435 Illi
660 1372 816 1458 siquidem
843 1373 905 1438 hoo
924 1373 1111 1460 praesertim

112 1394 334 1536 insanierunt,
356 1465 393 1521 ut
411 1455 508 1543 ipsius
524 1453 721 1542 Theologine
741 1477 855 1520 ereans
876 1456 992 1539 omnia,
1014 1456 1111 1520 οιὶιιιιι

112 1539 361 1604 reconditissima
384 1547 416 1604 et
436 1537 639 1604 subtilissime
663 1538 865 1622 evolverent,
894 1540 1114 1625 lectoremque

113 1631 223 1710 aptum
244 1631 276 1688 et
296 1621 447 1688 idoneum
472 1622 634 1687 efficerent
653 1622 693 1686 ed
715 1623 955 1688 exercitationes
974 1621 1008 1688 in
1022 1622 1113 1688 theo·

113 1703 225 1791 logicis
250 1705 414 1792 palaestris
442 1713 591 1792 assuetae.
641 1705 686 1768 At
714 1725 790 1771 vero
812 1707 844 1769 in
864 1706 925 1771 hoc
945 1705 1110 1794 opusculo,

115 1791 237 1853 emissis
261 1789 409 1854 omnibus
437 1788 523 1869 eliis,
552 1787 729 1852 necessitati
756 1788 816 1852 soli
844 1789 1023 1854 consultum
1052 1799 1112 1870 est,

114 1871 212 1957 idque
255 1871 417 1936 reesertim
438 1871 611 1952 intentum,
641 1879 677 1935 ut
704 1871 766 1952 illi,
796 1872 851 1958 qui
880 1869 1042 1937 ordinibus
1064 1895 1115 1936 su·

115 1955 176 2020 cris
197 1891 346 2040 edioripti
366 1964 456 2036 sunt,
490 1975 559 2019 eam
589 1963 696 2040 (quern
721 1953 882 2020 seientiam
902 1955 1011 2020 solutis
1032 1955 1112 2021 Pro·
1157 1987 1158 1996 ι

114 2038 212 2125 pheta
239 2045 343 2118 voest)
375 2038 476 2126 probe
508 2046 652 2102 teneant:
684 2038 793 2124 sicque
823 2047 915 2116 etse
942 2039 1044 2126 ipsos,
1081 2047 1115 2103 et

115 2119 212 2204 elios,
241 2143 321 2207 quos
346 2123 462 2207 juvare
489 2129 520 2186 et
548 2121 712 2186 instituere
738 2130 904 2204 tenentur,
937 2122 1041 2186 salvos
1069 2123 1113 2185 ie-

116 2224 189 2270 eere
208 2205 340 2291 possint

180 2284 359 2369 Caeterum,
381 2307 423 2350 en
444 2307 496 2352 sco
519 2309 574 2353 um
594 2286 686 2352 illum
708 2287 766 2352 sibi
787 2288 984 2386 propositum
998 2285 1115 2353 author

117 2369 269 2457 attigerit,
298 2371 351 2460 pio
378 2381 474 2456 etque
497 2309 658 2435 ienevolo
687 2369 797 2434 lecton
824 2369 1039 2457 judicandum·
1064 2391 1113 2436 re·

8 2483 9 2499 ¹
116 2452 163 2518 lin
186 2453 248 2520 uit:
278 2453 403 2540 hocque
429 2454 469 2518 sb
497 2453 553 2518 illo
582 2451 689 2517 solum
715 2453 809 2518 enixe
835 2462 999 2540 precetur,
1029 2462 1066 2519 ut
1086 2453 1114 2517 ei

117 2475 195 2622 quid
222 2536 256 2600 in
283 2536 344 2600 hoo
372 2535 521 2622 qualicun
542 2557 584 2600 ue
612 2535 764 2622 opusculo
791 2535 1034 2624 improbandum
1063 2557 1140 2601 oo»

9 2659 11 2694 ;
117 2628 239 2702 curret,
267 2617 354 2704 quod
385 2618 496 2704 utique
522 2558 592 2683 iore
617 2638 683 2683 non
705 2617 871 2701 diffitetur,
899 2620 932 2685 id
958 2620 1020 2686 sibi
1045 2629 1115 2684 ten*

9 2713 10 2718 ’
118 2723 213 2790 quem
237 2701 432 2782 Christiano,
456 2699 652 2767 Christianus
674 2701 832 2767 condonet
853 2712 885 2766 et
905 2704 1066 2788 ignoscet3
1086 2702 1114 2765 si

9 2813 11 2840 ι
118 2785 197 2873 quid
218 2785 295 2850 utile
316 2793 370 2849 ant
391 2791 516 2870 aptum,
538 2784 619 2849 illud
641 2806 736 2850 omne
749 2783 821 2850 Deo
840 2786 959 2872 optimo
973 2786 1115 2850 maximo

9 2885 11 2950 ῖ
118 2871 188 2956 ejus
211 2890 253 2934 ue
266 2869 386 2954 gratiae
400 2866 565 2948 adscribet,
588 2868 680 3014 cipue
719 2867 831 2933 roinde
845 2868 971 2935 leudem
986 2889 1116 2934 omnem

9 2951 11 2982 ³
120 2962 152 3018 et
172 2891 323 3039 gioriurn,
345 2960 495 3034 tunquam
516 2949 563 3016 ilii
582 2973 618 3016 so
633 2973 648 3014 ι
665 2950 685 3014 d
730 2951 824 3035 'tsm,=
844 2953 1007 3040 rependet.

412 3241 414 3246 ·
495 3239 705 3254 —q-n—-n—
