<?xml version="1.0" encoding="UTF-8"?>
<!DOCTYPE html PUBLIC "-//W3C//DTD XHTML 1.0 Transitional//EN"
    "http://www.w3.org/TR/xhtml1/DTD/xhtml1-transitional.dtd">
<html xmlns="http://www.w3.org/1999/xhtml" xml:lang="en" lang="en">
 <head>
  <title>
</title>
<meta http-equiv="Content-Type" content="text/html;charset=utf-8" />
  <meta name='ocr-system' content='tesseract 3.04.00' />
  <meta name='ocr-capabilities' content='ocr_page ocr_carea ocr_par ocr_line ocrx_word'/>
</head>
<body>
  <div class='ocr_page' id='page_1' title='image "./medullatheologi01abelgoog_0530.png"; bbox 0 0 2314 3888; ppageno 0'>
   <div class='ocr_carea' id='block_1_1' title="bbox 497 215 594 262">
    <p class='ocr_par' dir='ltr' id='par_1_1' title="bbox 497 215 594 262">
     <span class='ocr_line' id='line_1_1' title="bbox 497 215 594 262; baseline 0.021 -2"><span class='ocrx_word' id='word_1_1' title='bbox 497 215 594 262; x_wconf 62' lang='lat' dir='ltr'>monz</span> 
     </span>
    </p>
   </div>
   <div class='ocr_carea' id='block_1_2' title="bbox 313 471 771 720">
    <p class='ocr_par' dir='ltr' id='par_1_2' title="bbox 313 471 771 720">
     <span class='ocr_line' id='line_1_2' title="bbox 361 471 720 591; baseline 0 -3"><span class='ocrx_word' id='word_1_2' title='bbox 361 471 639 591; x_wconf 68' lang='lat' dir='ltr'>&#39;morenos</span> <span class='ocrx_word' id='word_1_3' title='bbox 663 523 720 590; x_wconf 83' lang='lat' dir='ltr'>vr.</span> 
     </span>
     <span class='ocr_line' id='line_1_3' title="bbox 313 647 771 720; baseline 0.004 -14"><span class='ocrx_word' id='word_1_4' title='bbox 313 647 373 706; x_wconf 80' lang='lat' dir='ltr'>De</span> <span class='ocrx_word' id='word_1_5' title='bbox 409 651 563 720; x_wconf 68' lang='lat' dir='ltr'>qratia</span> <span class='ocrx_word' id='word_1_6' title='bbox 604 651 771 709; x_wconf 72' lang='lat' dir='ltr'>dlvtnra</span> 
     </span>
    </p>
   </div>
   <div class='ocr_carea' id='block_1_3' title="bbox 467 823 619 884">
    <p class='ocr_par' dir='ltr' id='par_1_3' title="bbox 467 823 619 884">
     <span class='ocr_line' id='line_1_4' title="bbox 467 823 619 884; baseline 0.033 -5"><span class='ocrx_word' id='word_1_7' title='bbox 467 823 577 883; x_wconf 79' lang='lat' dir='ltr'>CAPUT</span> <span class='ocrx_word' id='word_1_8' title='bbox 599 826 619 884; x_wconf 79' lang='lat' dir='ltr'>l.</span> 
     </span>
    </p>
   </div>
   <div class='ocr_carea' id='block_1_4' title="bbox 223 943 860 1015">
    <p class='ocr_par' dir='ltr' id='par_1_4' title="bbox 223 943 860 1015">
     <span class='ocr_line' id='line_1_5' title="bbox 223 943 860 1015; baseline 0 -19"><span class='ocrx_word' id='word_1_9' title='bbox 223 943 273 997; x_wconf 89' lang='lat' dir='ltr'>De</span> <span class='ocrx_word' id='word_1_10' title='bbox 301 946 519 999; x_wconf 77' lang='lat' dir='ltr'><strong>necessitate</strong></span> <span class='ocrx_word' id='word_1_11' title='bbox 547 949 680 1014; x_wconf 82' lang='lat' dir='ltr'>gratiae</span> <span class='ocrx_word' id='word_1_12' title='bbox 707 946 860 1015; x_wconf 69' lang='lat' dir='ltr'>divinae.</span> 
     </span>
    </p>
   </div>
   <div class='ocr_carea' id='block_1_5' title="bbox 39 1080 1039 2399">
    <p class='ocr_par' dir='ltr' id='par_1_5' title="bbox 39 1080 1039 2399">
     <span class='ocr_line' id='line_1_6' title="bbox 40 1080 1037 1154; baseline 0.003 -19"><span class='ocrx_word' id='word_1_13' title='bbox 40 1085 117 1136; x_wconf 87' lang='lat' dir='ltr'>Sect.</span> <span class='ocrx_word' id='word_1_14' title='bbox 140 1081 160 1134; x_wconf 88' lang='grc' dir='ltr'>Ι.</span> <span class='ocrx_word' id='word_1_15' title='bbox 197 1080 271 1145; x_wconf 82' lang='lat' dir='ltr'>Quid</span> <span class='ocrx_word' id='word_1_16' title='bbox 289 1084 398 1136; x_wconf 87' lang='lat' dir='ltr'>nomine</span> <span class='ocrx_word' id='word_1_17' title='bbox 416 1087 514 1150; x_wconf 80' lang='lat' dir='ltr'>gratiae</span> <span class='ocrx_word' id='word_1_18' title='bbox 534 1086 699 1154; x_wconf 80' lang='lat' dir='ltr'>intelligatur</span> <span class='ocrx_word' id='word_1_19' title='bbox 783 1121 790 1136; x_wconf 85' lang='lat'><strong>.</strong></span> <span class='ocrx_word' id='word_1_20' title='bbox 862 1122 869 1137; x_wconf 86' lang='lat'><strong>.</strong></span> <span class='ocrx_word' id='word_1_21' title='bbox 942 1119 949 1135; x_wconf 85' lang='lat'><strong>·</strong></span> <span class='ocrx_word' id='word_1_22' title='bbox 985 1081 1037 1140; x_wconf 84' lang='grc'>369</span> 
     </span>
     <span class='ocr_line' id='line_1_7' title="bbox 39 1151 950 1222; baseline 0.002 -16"><span class='ocrx_word' id='word_1_23' title='bbox 39 1153 78 1206; x_wconf 89' lang='lat'>11.</span> <span class='ocrx_word' id='word_1_24' title='bbox 120 1151 236 1216; x_wconf 87' lang='lat' dir='ltr'>Quinam</span> <span class='ocrx_word' id='word_1_25' title='bbox 255 1153 354 1204; x_wconf 81' lang='lat' dir='ltr'>fuerint</span> <span class='ocrx_word' id='word_1_26' title='bbox 372 1169 472 1206; x_wconf 87' lang='lat' dir='ltr'>errores</span> <span class='ocrx_word' id='word_1_27' title='bbox 487 1153 693 1222; x_wconf 78' lang='lat' dir='ltr'>Pelagianorum</span> <span class='ocrx_word' id='word_1_28' title='bbox 709 1157 777 1208; x_wconf 86' lang='lat' dir='ltr'>circa</span> <span class='ocrx_word' id='word_1_29' title='bbox 795 1156 893 1220; x_wconf 80' lang='lat' dir='ltr'>gratiae</span> <span class='ocrx_word' id='word_1_30' title='bbox 906 1171 950 1208; x_wconf 83' lang='lat' dir='ltr'>ne-</span> 
     </span>
     <span class='ocr_line' id='line_1_8' title="bbox 185 1221 1037 1278; baseline 0.004 -3"><span class='ocrx_word' id='word_1_31' title='bbox 185 1223 337 1275; x_wconf 78' lang='lat' dir='ltr'>cessitatem</span> <span class='ocrx_word' id='word_1_32' title='bbox 387 1257 950 1274; x_wconf 85' lang='grc'><strong>........</strong></span> <span class='ocrx_word' id='word_1_33' title='bbox 986 1221 1037 1278; x_wconf 80' lang='grc'>372</span> 
     </span>
     <span class='ocr_line' id='line_1_9' title="bbox 80 1287 950 1360; baseline 0.002 -18"><span class='ocrx_word' id='word_1_34' title='bbox 80 1289 104 1360; x_wconf 58' lang='grc' dir='ltr'>ᾖ.</span> <span class='ocrx_word' id='word_1_35' title='bbox 125 1291 146 1343; x_wconf 88' lang='grc' dir='ltr'>Ι.</span> <span class='ocrx_word' id='word_1_36' title='bbox 183 1287 257 1354; x_wconf 86' lang='lat' dir='ltr'>Quid</span> <span class='ocrx_word' id='word_1_37' title='bbox 275 1291 308 1344; x_wconf 92' lang='lat' dir='ltr'>de</span> <span class='ocrx_word' id='word_1_38' title='bbox 328 1291 534 1359; x_wconf 82' lang='lat' dir='ltr'>Pelagianorurn</span> <span class='ocrx_word' id='word_1_39' title='bbox 556 1295 690 1348; x_wconf 87' lang='lat' dir='ltr'>erroribus</span> <span class='ocrx_word' id='word_1_40' title='bbox 711 1294 864 1345; x_wconf 80' lang='lat' dir='ltr'>censuerint</span> <span class='ocrx_word' id='word_1_41' title='bbox 881 1293 950 1345; x_wconf 85' lang='lat' dir='ltr'>Airi-</span> 
     </span>
     <span class='ocr_line' id='line_1_10' title="bbox 221 1357 1037 1430; baseline 0.006 -19"><span class='ocrx_word' id='word_1_42' title='bbox 221 1375 287 1413; x_wconf 83' lang='lat' dir='ltr'>oana</span> <span class='ocrx_word' id='word_1_43' title='bbox 306 1359 427 1414; x_wconf 73' lang='lat' dir='ltr'>concilia</span> <span class='ocrx_word' id='word_1_44' title='bbox 445 1361 656 1430; x_wconf 79' lang='lat' dir='ltr'>Carthaginense</span> <span class='ocrx_word' id='word_1_45' title='bbox 676 1379 705 1416; x_wconf 88' lang='lat' dir='ltr'>ao</span> <span class='ocrx_word' id='word_1_46' title='bbox 725 1361 911 1415; x_wconf 84' lang='lat' dir='ltr'>Milevltanum</span> <span class='ocrx_word' id='word_1_47' title='bbox 943 1400 949 1412; x_wconf 92' lang='lat'><em>.</em></span> <span class='ocrx_word' id='word_1_48' title='bbox 985 1357 1037 1416; x_wconf 86' lang='grc'>373</span> 
     </span>
     <span class='ocr_line' id='line_1_11' title="bbox 81 1427 952 1500; baseline 0.002 -18"><span class='ocrx_word' id='word_1_49' title='bbox 81 1427 105 1500; x_wconf 85' lang='lat'>§.</span> <span class='ocrx_word' id='word_1_50' title='bbox 125 1429 162 1482; x_wconf 90' lang='lat' dir='ltr'>Il.</span> <span class='ocrx_word' id='word_1_51' title='bbox 199 1427 285 1491; x_wconf 82' lang='lat' dir='ltr'>Quale</span> <span class='ocrx_word' id='word_1_52' title='bbox 300 1432 431 1498; x_wconf 81' lang='lat' dir='ltr'>judicium</span> <span class='ocrx_word' id='word_1_53' title='bbox 450 1433 529 1484; x_wconf 81' lang='lat' dir='ltr'>inerit</span> <span class='ocrx_word' id='word_1_54' title='bbox 542 1431 692 1486; x_wconf 89' lang='lat' dir='ltr'>Innocentii</span> <span class='ocrx_word' id='word_1_55' title='bbox 705 1431 794 1498; x_wconf 82' lang='lat' dir='ltr'><strong>Papae</strong></span> <span class='ocrx_word' id='word_1_56' title='bbox 814 1447 895 1498; x_wconf 88' lang='lat' dir='ltr'>super</span> <span class='ocrx_word' id='word_1_57' title='bbox 907 1434 952 1484; x_wconf 91' lang='lat' dir='ltr'>iis-</span> 
     </span>
     <span class='ocr_line' id='line_1_12' title="bbox 220 1487 1038 1556; baseline 0.005 -6"><span class='ocrx_word' id='word_1_58' title='bbox 220 1499 281 1552; x_wconf 90' lang='lat' dir='ltr'>dem</span> <span class='ocrx_word' id='word_1_59' title='bbox 302 1502 437 1554; x_wconf 88' lang='lat' dir='ltr'>erroribus</span> <span class='ocrx_word' id='word_1_60' title='bbox 463 1533 949 1553; x_wconf 87' lang='grc'><strong>.......</strong></span> <span class='ocrx_word' id='word_1_61' title='bbox 986 1487 1038 1556; x_wconf 70' lang='lat' dir='ltr'>ill</span> 
     </span>
     <span class='ocr_line' id='line_1_13' title="bbox 81 1566 950 1640; baseline 0.002 -20"><span class='ocrx_word' id='word_1_62' title='bbox 81 1570 104 1640; x_wconf 56' lang='grc' dir='ltr'>ς.</span> <span class='ocrx_word' id='word_1_63' title='bbox 126 1568 177 1621; x_wconf 89' lang='lat'><em>111.</em></span> <span class='ocrx_word' id='word_1_64' title='bbox 213 1566 288 1630; x_wconf 83' lang='lat' dir='ltr'>Quid</span> <span class='ocrx_word' id='word_1_65' title='bbox 311 1577 403 1623; x_wconf 83' lang='lat' dir='ltr'>contre</span> <span class='ocrx_word' id='word_1_66' title='bbox 427 1573 536 1624; x_wconf 88' lang='lat' dir='ltr'>eosdem</span> <span class='ocrx_word' id='word_1_67' title='bbox 556 1589 659 1624; x_wconf 88' lang='lat' dir='ltr'>errores</span> <span class='ocrx_word' id='word_1_68' title='bbox 681 1572 708 1622; x_wconf 90' lang='lat' dir='ltr'>in</span> <span class='ocrx_word' id='word_1_69' title='bbox 727 1569 809 1624; x_wconf 87' lang='lat' dir='ltr'>altero</span> <span class='ocrx_word' id='word_1_70' title='bbox 828 1569 950 1624; x_wconf 80' lang='lat' dir='ltr'>Concilio</span> 
     </span>
     <span class='ocr_line' id='line_1_14' title="bbox 222 1636 1037 1706; baseline 0.006 -16"><span class='ocrx_word' id='word_1_71' title='bbox 222 1636 426 1706; x_wconf 82' lang='lat' dir='ltr'>Carthaginensi</span> <span class='ocrx_word' id='word_1_72' title='bbox 448 1647 573 1694; x_wconf 84' lang='lat' dir='ltr'>statutum</span> <span class='ocrx_word' id='word_1_73' title='bbox 590 1643 711 1694; x_wconf 82' lang='lat' dir='ltr'>inerit.</span> <span class='ocrx_word' id='word_1_74' title='bbox 785 1677 791 1689; x_wconf 92' lang='lat'>.</span> <span class='ocrx_word' id='word_1_75' title='bbox 864 1677 869 1690; x_wconf 92' lang='lat'><em>.</em></span> <span class='ocrx_word' id='word_1_76' title='bbox 943 1677 949 1690; x_wconf 89' lang='lat'>.</span> <span class='ocrx_word' id='word_1_77' title='bbox 985 1637 1037 1695; x_wconf 77' lang='lat'>375</span> 
     </span>
     <span class='ocr_line' id='line_1_15' title="bbox 80 1705 949 1778; baseline 0.001 -19"><span class='ocrx_word' id='word_1_78' title='bbox 80 1708 104 1778; x_wconf 82' lang='lat'>§.</span> <span class='ocrx_word' id='word_1_79' title='bbox 125 1705 171 1759; x_wconf 85' lang='lat' dir='ltr'>IV.</span> <span class='ocrx_word' id='word_1_80' title='bbox 210 1707 283 1769; x_wconf 84' lang='lat' dir='ltr'>Quid</span> <span class='ocrx_word' id='word_1_81' title='bbox 303 1725 383 1776; x_wconf 85' lang='lat' dir='ltr'>super</span> <span class='ocrx_word' id='word_1_82' title='bbox 404 1707 610 1776; x_wconf 82' lang='lat' dir='ltr'>Pelagianorum</span> <span class='ocrx_word' id='word_1_83' title='bbox 629 1717 655 1762; x_wconf 93' lang='lat' dir='ltr'>et</span> <span class='ocrx_word' id='word_1_84' title='bbox 674 1708 949 1776; x_wconf 84' lang='lat' dir='ltr'>Semipelagianorunr</span> 
     </span>
     <span class='ocr_line' id='line_1_16' title="bbox 219 1775 1037 1846; baseline 0.007 -18"><span class='ocrx_word' id='word_1_85' title='bbox 219 1779 354 1830; x_wconf 81' lang='lat' dir='ltr'>erroribus</span> <span class='ocrx_word' id='word_1_86' title='bbox 373 1777 485 1832; x_wconf 81' lang='lat' dir='ltr'>edixerit</span> <span class='ocrx_word' id='word_1_87' title='bbox 502 1777 674 1832; x_wconf 86' lang='lat' dir='ltr'>Ooelestinus</span> <span class='ocrx_word' id='word_1_88' title='bbox 691 1777 790 1846; x_wconf 85' lang='lat' dir='ltr'>Papa.</span> <span class='ocrx_word' id='word_1_89' title='bbox 864 1816 870 1829; x_wconf 92' lang='lat'><em>.</em></span> <span class='ocrx_word' id='word_1_90' title='bbox 943 1816 949 1828; x_wconf 88' lang='lat'><strong><em>.</em></strong></span> <span class='ocrx_word' id='word_1_91' title='bbox 986 1775 1037 1835; x_wconf 83' lang='grc'>376</span> 
     </span>
     <span class='ocr_line' id='line_1_17' title="bbox 80 1845 950 1918; baseline 0.006 -22"><span class='ocrx_word' id='word_1_92' title='bbox 80 1847 103 1917; x_wconf 70' lang='lat' dir='ltr'>q.</span> <span class='ocrx_word' id='word_1_93' title='bbox 127 1845 160 1898; x_wconf 87' lang='lat' dir='ltr'>V.</span> <span class='ocrx_word' id='word_1_94' title='bbox 198 1845 271 1909; x_wconf 86' lang='lat' dir='ltr'>Quid</span> <span class='ocrx_word' id='word_1_95' title='bbox 290 1845 416 1900; x_wconf 84' lang='lat' dir='ltr'>Gelasius</span> <span class='ocrx_word' id='word_1_96' title='bbox 436 1845 523 1916; x_wconf 86' lang='lat' dir='ltr'>Papa,</span> <span class='ocrx_word' id='word_1_97' title='bbox 542 1849 607 1918; x_wconf 88' lang='lat' dir='ltr'>quid</span> <span class='ocrx_word' id='word_1_98' title='bbox 626 1852 688 1902; x_wconf 88' lang='lat' dir='ltr'>item</span> <span class='ocrx_word' id='word_1_99' title='bbox 703 1845 853 1900; x_wconf 83' lang='lat' dir='ltr'>concilium</span> <span class='ocrx_word' id='word_1_100' title='bbox 866 1851 950 1901; x_wconf 85' lang='lat' dir='ltr'>Arau-</span> 
     </span>
     <span class='ocr_line' id='line_1_18' title="bbox 221 1917 950 1984; baseline 0 -16"><span class='ocrx_word' id='word_1_101' title='bbox 221 1917 342 1968; x_wconf 88' lang='lat' dir='ltr'>sicanurn</span> <span class='ocrx_word' id='word_1_102' title='bbox 364 1917 512 1969; x_wconf 86' lang='lat' dir='ltr'>secundum</span> <span class='ocrx_word' id='word_1_103' title='bbox 532 1924 623 1970; x_wconf 89' lang='lat' dir='ltr'>contra</span> <span class='ocrx_word' id='word_1_104' title='bbox 641 1917 845 1984; x_wconf 80' lang='lat' dir='ltr'>Pelagianorurn</span> <span class='ocrx_word' id='word_1_105' title='bbox 866 1925 892 1970; x_wconf 91' lang='lat' dir='ltr'>et</span> <span class='ocrx_word' id='word_1_106' title='bbox 905 1917 950 1969; x_wconf 90' lang='lat' dir='ltr'>Se·</span> 
     </span>
     <span class='ocr_line' id='line_1_19' title="bbox 219 1985 1039 2052; baseline 0.007 -16"><span class='ocrx_word' id='word_1_107' title='bbox 219 1985 459 2052; x_wconf 80' lang='lat' dir='ltr'>mipelagianorurn</span> <span class='ocrx_word' id='word_1_108' title='bbox 479 1987 607 2052; x_wconf 81' lang='lat' dir='ltr'>reliquias</span> <span class='ocrx_word' id='word_1_109' title='bbox 628 1987 793 2040; x_wconf 82' lang='lat' dir='ltr'>decreverint</span> <span class='ocrx_word' id='word_1_110' title='bbox 864 2024 870 2037; x_wconf 93' lang='lat'><strong>.</strong></span> <span class='ocrx_word' id='word_1_111' title='bbox 943 2023 950 2037; x_wconf 87' lang='lat'><strong>·</strong></span> <span class='ocrx_word' id='word_1_112' title='bbox 985 1985 1039 2042; x_wconf 87' lang='grc'>378</span> 
     </span>
     <span class='ocr_line' id='line_1_20' title="bbox 41 2054 1035 2111; baseline 0.001 -1"><span class='ocrx_word' id='word_1_113' title='bbox 41 2055 97 2110; x_wconf 88' lang='lat'><em>111.</em></span> <span class='ocrx_word' id='word_1_114' title='bbox 133 2054 176 2109; x_wconf 90' lang='lat' dir='ltr'>De</span> <span class='ocrx_word' id='word_1_115' title='bbox 195 2056 276 2106; x_wconf 87' lang='lat' dir='ltr'>variis</span> <span class='ocrx_word' id='word_1_116' title='bbox 292 2055 424 2109; x_wconf 87' lang='lat' dir='ltr'>humanae</span> <span class='ocrx_word' id='word_1_117' title='bbox 444 2063 552 2108; x_wconf 85' lang='lat' dir='ltr'>naturae</span> <span class='ocrx_word' id='word_1_118' title='bbox 572 2057 711 2110; x_wconf 87' lang='lat' dir='ltr'>statibus.</span> <span class='ocrx_word' id='word_1_119' title='bbox 784 2093 790 2104; x_wconf 86' lang='lat'>.</span> <span class='ocrx_word' id='word_1_120' title='bbox 864 2094 870 2108; x_wconf 89' lang='lat'><strong>.</strong></span> <span class='ocrx_word' id='word_1_121' title='bbox 944 2095 949 2106; x_wconf 89' lang='lat'><em>.</em></span> <span class='ocrx_word' id='word_1_122' title='bbox 986 2055 1035 2111; x_wconf 83' lang='lat'>³81</span> 
     </span>
     <span class='ocr_line' id='line_1_21' title="bbox 39 2125 951 2192; baseline 0 -10"><span class='ocrx_word' id='word_1_123' title='bbox 39 2125 95 2182; x_wconf 92' lang='lat' dir='ltr'>IV.</span> <span class='ocrx_word' id='word_1_124' title='bbox 132 2126 175 2178; x_wconf 80' lang='lat' dir='ltr'>An</span> <span class='ocrx_word' id='word_1_125' title='bbox 195 2131 221 2178; x_wconf 89' lang='lat' dir='ltr'>et</span> <span class='ocrx_word' id='word_1_126' title='bbox 240 2139 294 2190; x_wconf 91' lang='lat' dir='ltr'>qua</span> <span class='ocrx_word' id='word_1_127' title='bbox 312 2127 412 2177; x_wconf 89' lang='lat' dir='ltr'>ratione</span> <span class='ocrx_word' id='word_1_128' title='bbox 431 2128 528 2192; x_wconf 84' lang='lat' dir='ltr'>gretia,</span> <span class='ocrx_word' id='word_1_129' title='bbox 555 2141 622 2190; x_wconf 82' lang='lat' dir='ltr'>quae</span> <span class='ocrx_word' id='word_1_130' title='bbox 648 2127 675 2176; x_wconf 89' lang='lat' dir='ltr'>in</span> <span class='ocrx_word' id='word_1_131' title='bbox 695 2129 763 2178; x_wconf 89' lang='lat' dir='ltr'>statu</span> <span class='ocrx_word' id='word_1_132' title='bbox 783 2127 951 2182; x_wconf 79' lang='lat' dir='ltr'>innocentiae</span> 
     </span>
     <span class='ocr_line' id='line_1_22' title="bbox 186 2193 951 2261; baseline 0 -13"><span class='ocrx_word' id='word_1_133' title='bbox 186 2193 283 2248; x_wconf 86' lang='lat' dir='ltr'>collato</span> <span class='ocrx_word' id='word_1_134' title='bbox 299 2195 362 2260; x_wconf 86' lang='lat' dir='ltr'>luit,</span> <span class='ocrx_word' id='word_1_135' title='bbox 381 2195 484 2246; x_wconf 83' lang='lat' dir='ltr'>differat</span> <span class='ocrx_word' id='word_1_136' title='bbox 503 2195 535 2248; x_wconf 91' lang='lat' dir='ltr'>ab</span> <span class='ocrx_word' id='word_1_137' title='bbox 554 2195 613 2260; x_wconf 86' lang='lat' dir='ltr'>illa,</span> <span class='ocrx_word' id='word_1_138' title='bbox 631 2210 699 2261; x_wconf 88' lang='lat' dir='ltr'>quae</span> <span class='ocrx_word' id='word_1_139' title='bbox 717 2196 745 2252; x_wconf 87' lang='lat' dir='ltr'>in</span> <span class='ocrx_word' id='word_1_140' title='bbox 759 2200 829 2248; x_wconf 89' lang='lat' dir='ltr'>statu</span> <span class='ocrx_word' id='word_1_141' title='bbox 843 2201 951 2248; x_wconf 89' lang='lat' dir='ltr'>naturae</span> 
     </span>
     <span class='ocr_line' id='line_1_23' title="bbox 185 2263 1039 2329; baseline 0.006 -14"><span class='ocrx_word' id='word_1_142' title='bbox 185 2264 275 2329; x_wconf 79' lang='lat' dir='ltr'>lapsae</span> <span class='ocrx_word' id='word_1_143' title='bbox 296 2265 431 2318; x_wconf 83' lang='lat' dir='ltr'>confertur</span> <span class='ocrx_word' id='word_1_144' title='bbox 468 2299 949 2316; x_wconf 81' lang='lat'><strong>.......</strong></span> <span class='ocrx_word' id='word_1_145' title='bbox 986 2263 1039 2320; x_wconf 71' lang='grc'>384</span> 
     </span>
     <span class='ocr_line' id='line_1_24' title="bbox 39 2331 952 2399; baseline 0.002 -14"><span class='ocrx_word' id='word_1_146' title='bbox 39 2333 82 2385; x_wconf 86' lang='lat' dir='ltr'>V.</span> <span class='ocrx_word' id='word_1_147' title='bbox 118 2333 162 2386; x_wconf 84' lang='lat' dir='ltr'>An</span> <span class='ocrx_word' id='word_1_148' title='bbox 181 2335 266 2399; x_wconf 71' lang='lat' dir='ltr'>gratia</span> <span class='ocrx_word' id='word_1_149' title='bbox 287 2335 440 2386; x_wconf 76' lang='lat' dir='ltr'>necessaria</span> <span class='ocrx_word' id='word_1_150' title='bbox 463 2333 497 2384; x_wconf 90' lang='lat' dir='ltr'>sit</span> <span class='ocrx_word' id='word_1_151' title='bbox 521 2333 555 2384; x_wconf 88' lang='lat' dir='ltr'>ad</span> <span class='ocrx_word' id='word_1_152' title='bbox 575 2331 793 2399; x_wconf 81' lang='lat' dir='ltr'>cognoscendum</span> <span class='ocrx_word' id='word_1_153' title='bbox 813 2333 952 2399; x_wconf 89' lang='lat' dir='ltr'>quodlibet</span> 
     </span>
    </p>
   </div>
   <div class='ocr_carea' id='block_1_6' title="bbox 185 2401 1037 2460">
    <p class='ocr_par' dir='ltr' id='par_1_6' title="bbox 185 2401 1037 2460">
     <span class='ocr_line' id='line_1_25' title="bbox 185 2401 1037 2460; baseline 0.001 -7"><span class='ocrx_word' id='word_1_154' title='bbox 185 2417 277 2453; x_wconf 88' lang='lat' dir='ltr'>verum</span> <span class='ocrx_word' id='word_1_155' title='bbox 306 2431 949 2454; x_wconf 80' lang='grc'><strong>.........</strong></span> <span class='ocrx_word' id='word_1_156' title='bbox 985 2401 1037 2460; x_wconf 87' lang='grc'>386</span> 
     </span>
    </p>
   </div>
   <div class='ocr_carea' id='block_1_7' title="bbox 39 2469 1039 3024">
    <p class='ocr_par' dir='ltr' id='par_1_7' title="bbox 41 2469 951 2554">
     <span class='ocr_line' id='line_1_26' title="bbox 41 2469 951 2554; baseline 0.001 -30"><span class='ocrx_word' id='word_1_157' title='bbox 41 2469 94 2524; x_wconf 89' lang='lat' dir='ltr'>VI.</span> <span class='ocrx_word' id='word_1_158' title='bbox 132 2473 277 2554; x_wconf 68' lang='lat' dir='ltr'>adpossit</span> <span class='ocrx_word' id='word_1_159' title='bbox 291 2471 372 2525; x_wconf 85' lang='lat' dir='ltr'>homo</span> <span class='ocrx_word' id='word_1_160' title='bbox 390 2471 461 2524; x_wconf 89' lang='lat' dir='ltr'>velle</span> <span class='ocrx_word' id='word_1_161' title='bbox 480 2477 525 2523; x_wconf 88' lang='lat' dir='ltr'>aut</span> <span class='ocrx_word' id='word_1_162' title='bbox 543 2469 627 2524; x_wconf 86' lang='lat' dir='ltr'>lacere</span> <span class='ocrx_word' id='word_1_163' title='bbox 646 2473 746 2524; x_wconf 85' lang='lat' dir='ltr'>bonum</span> <span class='ocrx_word' id='word_1_164' title='bbox 767 2471 876 2537; x_wconf 83' lang='lat' dir='ltr'>aliquod</span> <span class='ocrx_word' id='word_1_165' title='bbox 893 2473 951 2526; x_wconf 89' lang='lat' dir='ltr'>sine</span> 
     </span>
    </p>

    <p class='ocr_par' dir='ltr' id='par_1_8' title="bbox 39 2539 1038 2748">
     <span class='ocr_line' id='line_1_27' title="bbox 39 2539 1037 2676; baseline -0.003 -12"><span class='ocrx_word' id='word_1_166' title='bbox 39 2610 109 2664; x_wconf 77' lang='lat' dir='ltr'>vll</span> <span class='ocrx_word' id='word_1_167' title='bbox 146 2545 296 2676; x_wconf 50' lang='lat' dir='ltr'>Angrddlsdil</span> <span class='ocrx_word' id='word_1_168' title='bbox 309 2577 394 2662; x_wconf 73' lang='lat' dir='ltr'>iromd</span> <span class='ocrx_word' id='word_1_169' title='bbox 413 2575 475 2662; x_wconf 74' lang='lat' dir='ltr'>sine</span> <span class='ocrx_word' id='word_1_170' title='bbox 486 2577 569 2676; x_wconf 80' lang='lat' dir='ltr'>gratia</span> <span class='ocrx_word' id='word_1_171' title='bbox 581 2573 711 2662; x_wconf 72' lang='lat' dir='ltr'>tradituali</span> <span class='ocrx_word' id='word_1_172' title='bbox 727 2577 828 2662; x_wconf 75' lang='lat' dir='ltr'>bonurn</span> <span class='ocrx_word' id='word_1_173' title='bbox 840 2575 951 2676; x_wconf 76' lang='lat' dir='ltr'>aliquod</span> <span class='ocrx_word' id='word_1_174' title='bbox 986 2539 1037 2597; x_wconf 68' lang='grc'>389</span> 
     </span>
     <span class='ocr_line' id='line_1_28' title="bbox 186 2679 1038 2748; baseline 0.005 -16"><span class='ocrx_word' id='word_1_175' title='bbox 186 2695 256 2748; x_wconf 82' lang='lat' dir='ltr'>opus</span> <span class='ocrx_word' id='word_1_176' title='bbox 274 2695 396 2732; x_wconf 83' lang='lat' dir='ltr'>exercere</span> <span class='ocrx_word' id='word_1_177' title='bbox 468 2714 949 2730; x_wconf 83' lang='lat'><strong>·······</strong></span> <span class='ocrx_word' id='word_1_178' title='bbox 985 2679 1038 2736; x_wconf 82' lang='lat'>392</span> 
     </span>
    </p>

    <p class='ocr_par' dir='ltr' id='par_1_9' title="bbox 39 2747 950 2832">
     <span class='ocr_line' id='line_1_29' title="bbox 39 2747 950 2832; baseline -0.003 -29"><span class='ocrx_word' id='word_1_179' title='bbox 39 2749 123 2803; x_wconf 80' lang='lat' dir='ltr'><strong>VIII.</strong></span> <span class='ocrx_word' id='word_1_180' title='bbox 159 2749 203 2802; x_wconf 84' lang='lat' dir='ltr'>An</span> <span class='ocrx_word' id='word_1_181' title='bbox 223 2751 281 2802; x_wconf 88' lang='lat' dir='ltr'>sine</span> <span class='ocrx_word' id='word_1_182' title='bbox 297 2747 367 2832; x_wconf 56' lang='lat' dir='ltr'>Fide</span> <span class='ocrx_word' id='word_1_183' title='bbox 385 2750 472 2817; x_wconf 84' lang='lat' dir='ltr'>possit</span> <span class='ocrx_word' id='word_1_184' title='bbox 490 2747 600 2816; x_wconf 82' lang='lat' dir='ltr'>aliquod</span> <span class='ocrx_word' id='word_1_185' title='bbox 613 2763 681 2814; x_wconf 85' lang='lat' dir='ltr'>opus</span> <span class='ocrx_word' id='word_1_186' title='bbox 699 2747 834 2800; x_wconf 88' lang='lat' dir='ltr'>moraliter</span> <span class='ocrx_word' id='word_1_187' title='bbox 849 2749 950 2802; x_wconf 88' lang='lat' dir='ltr'>bonurn</span> 
     </span>
    </p>

    <p class='ocr_par' dir='ltr' id='par_1_10' title="bbox 42 2815 1039 3024">
     <span class='ocr_line' id='line_1_30' title="bbox 42 2815 1039 2954; baseline -0.005 -11"><span class='ocrx_word' id='word_1_188' title='bbox 42 2889 97 2944; x_wconf 86' lang='lat' dir='ltr'>IX·</span> <span class='ocrx_word' id='word_1_189' title='bbox 134 2833 397 2954; x_wconf 48' lang='lat' dir='ltr'>Aneddrrddnjustud</span> <span class='ocrx_word' id='word_1_190' title='bbox 417 2854 535 2954; x_wconf 79' lang='lat' dir='ltr'>indigeat</span> <span class='ocrx_word' id='word_1_191' title='bbox 545 2855 653 2954; x_wconf 37' lang='lat' dir='ltr'>‘gratide</span> <span class='ocrx_word' id='word_1_192' title='bbox 668 2853 897 2940; x_wconf 64' lang='lat' dir='ltr'>niualisauxilio</span> <span class='ocrx_word' id='word_1_193' title='bbox 918 2855 951 2938; x_wconf 86' lang='lat' dir='ltr'>ad</span> <span class='ocrx_word' id='word_1_194' title='bbox 985 2815 1039 2874; x_wconf 60' lang='lat'>395</span> 
     </span>
     <span class='ocr_line' id='line_1_31' title="bbox 185 2956 949 3024; baseline 0 -16"><span class='ocrx_word' id='word_1_195' title='bbox 185 2957 350 3024; x_wconf 83' lang='lat' dir='ltr'>operandum</span> <span class='ocrx_word' id='word_1_196' title='bbox 367 2958 482 3023; x_wconf 87' lang='lat' dir='ltr'>bonum,</span> <span class='ocrx_word' id='word_1_197' title='bbox 502 2957 580 3011; x_wconf 85' lang='lat' dir='ltr'>etad</span> <span class='ocrx_word' id='word_1_198' title='bbox 598 2956 705 3010; x_wconf 80' lang='lat' dir='ltr'>finalem</span> <span class='ocrx_word' id='word_1_199' title='bbox 724 2957 949 3024; x_wconf 80' lang='lat' dir='ltr'>perseverantiam</span> 
     </span>
    </p>
   </div>
   <div class='ocr_carea' id='block_1_8' title="bbox 186 3023 1037 3094">
    <p class='ocr_par' dir='ltr' id='par_1_11' title="bbox 186 3023 1037 3094">
     <span class='ocr_line' id='line_1_32' title="bbox 186 3023 1037 3094; baseline -0.002 -15"><span class='ocrx_word' id='word_1_200' title='bbox 186 3025 403 3094; x_wconf 82' lang='lat' dir='ltr'>consequendam</span> <span class='ocrx_word' id='word_1_201' title='bbox 466 3059 948 3077; x_wconf 88' lang='grc'><strong>.......</strong></span> <span class='ocrx_word' id='word_1_202' title='bbox 984 3023 1037 3082; x_wconf 82' lang='grc'>398</span> 
     </span>
    </p>
   </div>
   <div class='ocr_carea' id='block_1_9' title="bbox 458 3205 627 3270">
    <p class='ocr_par' dir='ltr' id='par_1_12' title="bbox 458 3205 627 3270">
     <span class='ocr_line' id='line_1_33' title="bbox 458 3205 627 3270; baseline 0.012 -8"><span class='ocrx_word' id='word_1_203' title='bbox 458 3205 569 3270; x_wconf 74' lang='lat' dir='ltr'>CAPUT</span> <span class='ocrx_word' id='word_1_204' title='bbox 594 3205 627 3264; x_wconf 90' lang='lat'>11.</span> 
     </span>
    </p>
   </div>
   <div class='ocr_carea' id='block_1_10' title="bbox 332 3327 756 3396">
    <p class='ocr_par' dir='ltr' id='par_1_13' title="bbox 332 3327 756 3396">
     <span class='ocr_line' id='line_1_34' title="bbox 332 3327 756 3396; baseline -0.002 -16"><span class='ocrx_word' id='word_1_205' title='bbox 332 3327 381 3382; x_wconf 77' lang='lat' dir='ltr'>De</span> <span class='ocrx_word' id='word_1_206' title='bbox 407 3329 519 3396; x_wconf 78' lang='lat' dir='ltr'>gratia</span> <span class='ocrx_word' id='word_1_207' title='bbox 544 3327 756 3382; x_wconf 87' lang='lat' dir='ltr'>suilioienti.</span> 
     </span>
    </p>
   </div>
   <div class='ocr_carea' id='block_1_11' title="bbox 43 3462 1036 3604">
    <p class='ocr_par' dir='ltr' id='par_1_14' title="bbox 43 3462 1036 3604">
     <span class='ocr_line' id='line_1_35' title="bbox 43 3462 1036 3534; baseline 0 -11"><span class='ocrx_word' id='word_1_208' title='bbox 43 3469 119 3522; x_wconf 89' lang='lat' dir='ltr'>Sect.</span> <span class='ocrx_word' id='word_1_209' title='bbox 140 3465 160 3519; x_wconf 89' lang='lat'>1.</span> <span class='ocrx_word' id='word_1_210' title='bbox 199 3462 271 3531; x_wconf 83' lang='lat' dir='ltr'>Quid</span> <span class='ocrx_word' id='word_1_211' title='bbox 290 3469 325 3520; x_wconf 87' lang='lat' dir='ltr'>sit</span> <span class='ocrx_word' id='word_1_212' title='bbox 343 3467 426 3534; x_wconf 80' lang='lat' dir='ltr'>gratia</span> <span class='ocrx_word' id='word_1_213' title='bbox 444 3468 637 3533; x_wconf 83' lang='lat' dir='ltr'>praeveniens,</span> <span class='ocrx_word' id='word_1_214' title='bbox 657 3468 776 3520; x_wconf 86' lang='lat' dir='ltr'>excitans</span> <span class='ocrx_word' id='word_1_215' title='bbox 794 3471 820 3517; x_wconf 90' lang='lat' dir='ltr'>et</span> <span class='ocrx_word' id='word_1_216' title='bbox 838 3481 951 3533; x_wconf 85' lang='lat' dir='ltr'>operans</span> <span class='ocrx_word' id='word_1_217' title='bbox 988 3462 1036 3522; x_wconf 69' lang='grc'>401</span> 
     </span>
     <span class='ocr_line' id='line_1_36' title="bbox 43 3535 952 3604; baseline -0.004 -12"><span class='ocrx_word' id='word_1_218' title='bbox 43 3537 85 3596; x_wconf 91' lang='lat'>11.</span> <span class='ocrx_word' id='word_1_219' title='bbox 121 3535 195 3600; x_wconf 90' lang='lat' dir='ltr'>Quid</span> <span class='ocrx_word' id='word_1_220' title='bbox 213 3539 248 3588; x_wconf 93' lang='lat' dir='ltr'>sit</span> <span class='ocrx_word' id='word_1_221' title='bbox 266 3537 349 3604; x_wconf 78' lang='lat' dir='ltr'>gratia</span> <span class='ocrx_word' id='word_1_222' title='bbox 364 3537 510 3604; x_wconf 80' lang='lat' dir='ltr'>adjuvans,</span> <span class='ocrx_word' id='word_1_223' title='bbox 529 3551 691 3603; x_wconf 82' lang='lat' dir='ltr'>cooperans,</span> <span class='ocrx_word' id='word_1_224' title='bbox 709 3535 878 3602; x_wconf 77' lang='lat' dir='ltr'>comitanset</span> <span class='ocrx_word' id='word_1_225' title='bbox 891 3537 952 3588; x_wconf 88' lang='lat' dir='ltr'>sub-</span> 
     </span>
    </p>
   </div>
   <div class='ocr_carea' id='block_1_12' title="bbox 187 3601 1145 3674">
    <p class='ocr_par' dir='ltr' id='par_1_15' title="bbox 187 3601 1145 3674">
     <span class='ocr_line' id='line_1_37' title="bbox 187 3601 1145 3674; baseline 0.001 -16"><span class='ocrx_word' id='word_1_226' title='bbox 187 3621 305 3674; x_wconf 88' lang='lat' dir='ltr'>sequens</span> <span class='ocrx_word' id='word_1_227' title='bbox 384 3640 951 3658; x_wconf 82' lang='lat'><strong>........</strong></span> <span class='ocrx_word' id='word_1_228' title='bbox 987 3601 1039 3660; x_wconf 75' lang='lat' dir='ltr'>lot</span> <span class='ocrx_word' id='word_1_229' title='bbox 1144 3655 1145 3658; x_wconf 74' lang='grc'>,</span> 
     </span>
    </p>
   </div>
   <div class='ocr_carea' id='block_1_13' title="bbox 811 3671 878 3741">
    <p class='ocr_par' dir='ltr' id='par_1_16' title="bbox 811 3671 878 3741">
     <span class='ocr_line' id='line_1_38' title="bbox 811 3671 878 3741; baseline 0 -36"><span class='ocrx_word' id='word_1_230' title='bbox 811 3671 878 3741; x_wconf 61' lang='grc'>34.</span> 
     </span>
    </p>
   </div>
   <div class='ocr_carea' id='block_1_14' title="bbox 0 0 1163 3888">
    <p class='ocr_par' dir='ltr' id='par_1_17' title="bbox 0 0 1163 3888">
     <span class='ocr_line' id='line_1_39' title="bbox 0 0 1163 3888; baseline 0 0"><span class='ocrx_word' id='word_1_231' title='bbox 0 0 1163 3888; x_wconf 95' lang='lat' dir='ltr'> </span> 
     </span>
    </p>
   </div>
  </div>
 </body>
</html>
