2304 3888
340 185 633 232 ιιιιιιειιιιιιιιιιιιι
920 165 983 236 246

4 307 138 376 requitur,
158 305 237 377 quod
258 306 345 362 tuerit
365 307 564 362 umbonum
579 306 700 378 aliquod
713 303 880 377 spirituale,
902 306 981 379 quod

4 386 115 455 tppatiit
132 399 219 456 snpra
237 401 402 442 mansuram
416 385 476 440 allri
490 401 526 440 ox
541 386 643 440 divina
656 386 758 458 regulo
768 385 978 457 praestitutam.

4 465 28 519 it
45 465 102 520 hoo
121 464 274 534 superbiae
294 465 446 536 proprium
467 474 517 519 eat
593 467 599 476 “

45 544 183 612 Quaeres,
211 547 244 600 in
270 559 329 615 qno
355 545 482 616 positum
507 545 593 599 ιιιιιιι
613 550 762 616 pauentum
781 544 860 600 illud
879 559 986 618 super-¹

4 624 53 679 rite
73 625 233 694 primorum
253 632 413 694 parentum

45 703 247 773 Respondemr
290 703 321 758 iu
342 719 376 759 eo
395 703 523 774 potitum
543 705 649 771 fnisse,
671 701 751 774 quod
770 709 890 774 uterque
910 704 983 759 illo-

4 797 48 836 unr
67 783 234 838 inordinate
256 783 385 840 divinam
406 783 628 840 similitudinem
642 781 781 853 appetiit,
802 783 891 854 idque
908 783 985 840 duo-

4 877 39 916 »ns
58 861 155 918 modis
174 860 223 935 (nt
244 861 329 917 donet
342 864 370 918 S.
383 861 510 917 Thomas
530 879 594 933 sup.
615 869 667 918 art
683 859 736 933 2.).
772 859 869 918 Primo
886 877 979 933 quun-¹

4 957 44 994 um
64 942 104 996 ad
124 943 277 998 seientiam
297 942 368 998 boni
392 950 422 996 et
448 941 534 1008 mali,
562 949 595 996 nt
621 941 736 998 suilluet
760 955 813 1012 per
839 943 976 998 uirtutem

4 1023 117 1090 tropriae
139 1030 259 1076 naturae
281 1021 483 1076 determinaret
510 1021 585 1091 sibi,
614 1019 686 1091 quid
713 1025 787 1076 osset
812 1020 924 1077 bonum·
949 1028 980 1076 et

4 1099 54 1168 {uid
74 1108 149 1155 esset
171 1101 280 1154 marium
302 1099 340 1154 ad
359 1099 519 1172 agendum,
533 1101 591 1155 ¹rol
611 1102 698 1155 otiam
719 1107 751 1154 ιιι
770 1101 977 1170 perseipsum

5 1187 180 1249 ugnoaoeret‚
203 1179 276 1250 quid
296 1179 355 1235 sibi
375 1180 446 1236 boni
465 1181 514 1234 rel
535 1181 606 1237 mali
627 1187 701 1234 asset
720 1186 897 1236 eventurum.
925 1179 977 1236 Se-

5 1258 76 1313 undo
98 1267 239 1329 quantum
261 1258 299 1313 ad
319 1266 488 1329 potestatam
509 1259 666 1330 operandi,
690 1267 721 1314 nt
740 1259 853 1316 soiliuot
869 1261 978 1314 virtuto

4 1340 115 1406 ropriae
137 1345 257 1400 naturae
271 1346 437 1408 operaretur
450 1338 487 1394 ad
501 1337 711 1394 beatitudiuem
726 1339 973 1410 consequendam:

4 1416 55 1470 nde
83 1417 113 1472 S.
136 1419 261 1490 August,
289 1417 341 1473 lib.
360 1417 405 1472 ll.
439 1417 475 1474 de
496 1417 566 1474 Gen.
596 1417 634 1472 ad
661 1417 705 1472 lit.
735 1433 797 1487 oap-
814 1417 863 1477 30.
892 1418 974 1486 dicit,

4 1495 56 1550 uod
74 1499 161 1552 menti
180 1498 301 1551 moliaris
321 1499 410 1552 iuerat
429 1515 506 1553 autor
518 1499 651 1568 proprius
666 1499 819 1566 potestatis,
842 1508 867 1552 et
887 1515 974 1570 qaue·

4 1591 40 1628 aru
59 1579 92 1632 do
113 1594 145 1632 ao
164 1577 283 1647 superbo
297 1579 493 1648 proeoumptiu.
536 1577 572 1630 Et
591 1578 623 1632 in
644 1575 763 1632 Enohir.
784 1592 846 1648 cup.
862 1576 911 1634 4⁵.
937 1574 972 1632 de

4 1665 92 1712 entatu
114 1657 206 1726 primi
226 1657 359 1712 Hominis
380 1657 501 1727 loquens
523 1656 612 1723 diuit,
642 1655 720 1728 qnod
741 1673 795 1727 por
818 1659 973 1728 superbiam

4 1731 60 1788 lomo
81 1739 111 1789 ia
133 1739 295 1806 ooopertus
315 1753 386 1800 stro,
409 1753 490 1807 quom
509 1739 537 1789 in
557 1737 613 1799 Dei
627 1745 762 1807 potestate
783 1737 885 1797 diluuii

315 1957 544 2029 incito
587 1945 651 2026 Π.ζ
724 2009 726 2021 1

26 2084 919 2216 npmommmfflfflnstumm

36 2285 58 2339 i.
104 2287 222 2340 Certum
251 2293 309 2351 ast,
337 2285 481 2342 Adamnm
509 2303 562 2357 per
587 2293 667 2340 suam
691 2289 969 2356 praevaricationem

5 2373 166 2420 nutantum
188 2365 246 2418 sibi
266 2366 415 2433 nocuisse,
445 2365 496 2421 sed
520 2369 606 2421 etiarn
626 2367 749 2434 posteris
770 2368 829 2420 snio
851 2365 898 2436 (ut
919 2383 968 2422 ex-

5 2459 64 2500 resse
94 2443 250 2498 delinitum
277 2443 401 2499 habetur
428 2447 461 2500 in·
487 2447 619 2501 Concilio
647 2443 820 2502 Tridentino
847 2461 916 2500 sens.
940 2450 966 2502 5.

5 2537 34 2576 tu.
48 2524 92 2596 2.)
116 2525 255 2594 ipsosque
268 2524 392 2593 proinde
407 2525 494 2580 simul
516 2541 581 2580 curu
601 2526 665 2592 illo,
686 2539 738 2595 per
758 2525 885 2595 primum
906 2525 968 2597 ejus
1028 2589 1029 2592 Ἴ

5 2613 133 2670 nuatum,
149 2603 281 2658 amisisse
295 2604 464 2676 originalem
475 2603 620 2676 J'natitiam
635 2604 753 2676 ejusque
767 2604 846 2659 dotes
857 2619 965 2673 ornnes,

6 2692 150 2754 ortamque
164 2697 198 2736 ao
210 2697 359 2746 aerumnas
378 2685 474 2738 uarias
489 2685 616 2754 corporis
631 2691 659 2738 et
673 2685 786 2741 animae
800 2685 963 2740 incurrisse.

30 2763 84 2818 Sed
107 2777 147 2816 ex
169 2763 302 2816 omnibus
323 2763 424 2830 malis,
454 2779 527 2834 qnae
553 2765 642 2834 primi
669 2765 794 2820 lrominis
821 2765 967 2833 praevari-

6 2841 42 2896 ttio
62 2857 180 2898 souum-
194 2841 323 2906 invonit,
352 2843 465 2898 nullutn
492 2845 610 2914 gravius
637 2850 665 2898 et
692 2844 824 2899 acernias
851 2845 966 2898 mannia

6 2917 24 2972 ia
41 2930 67 2977 ot
89 2919 232 2976 foeditate
252 2921 405 2992 originali,
433 2937 519 2994 quam
548 2923 578 2975 iu
602 2923 667 2991 ipso
689 2931 830 2993 onnuoptu
852 2931 964 2978 uonna-

6 3008 40 3054 tut
58 3015 180 3066 omnes,
203 3001 254 3071 qui
276 2999 313 3054 tle
333 3002 436 3055 vitiata
454 3001 537 3056 illius
557 3002 718 3072 propagine
739 3004 879 3059 oriuntur.
922 3003 964 3060 De

6 3093 28 3131 ιι
43 3095 125 3136 nunu
147 3080 311 3150 quaeritur,
341 3097 379 3134 an
406 3097 502 3136 verani
527 3088 556 3134 et
574 3081 723 3150 propriam
743 3083 856 3151 peuoati
877 3085 965 3140 ratio·

6 3169 32 3211 tn
50 3159 176 3228 habeat,
205 3173 256 3212 seu
279 3171 317 3212 ιιι
337 3161 445 3228 posteri
467 3159 573 3216 Ariani
593 3161 711 3229 proprie
732 3159 841 3216 dietum
861 3177 965 3233 penua-

6 3251 26 3290 u
44 3241 83 3293 ab
107 3239 175 3309 ipso
195 3238 375 3295 contrahunt.
417 3239 473 3296 Pro
495 3239 578 3310 nujus
600 3239 775 3296 resolutione

26 3318 191 3374 Dicendum
211 3326 270 3384 eat,
298 3326 449 3386 pennatum
475 3319 564 3389 prinri
585 3318 710 3373 hominis
731 3319 763 3372 in
784 3318 846 3391 ejus
866 3327 961 3391 poste-

6 3397 165 3466 rtraduei,
186 3397 315 3468 illosque
333 3399 366 3451 in
385 3399 480 3467 prinro
502 3397 698 3468 oonueptionis
720 3406 880 3470 monento,
903 3415 960 3470 qun

6 3475 60 3534 tina
87 3477 206 3546 oorpori
233 3478 401 3548 organlauto
427 3476 606 3546 infunditur,
636 3480 802 3535 nunti-ahere
830 3477 867 3531 ab
894 3481 973 3550 ipso

6 3567 116 3614 tautum
138 3556 290 3628 originale
