2304 3888
153 182 214 251 132
536 197 764 244 Μωιιτιοκι

214 319 358 376 Probatur
366 317 394 372 Β.
411 334 447 374 ex
461 315 511 374 ss:
524 317 674 375 Patribus:
689 319 725 372 ¹S.
740 319 903 374 Athanasio
916 325 999 374 serm.
1012 318 1038 374 3.
1056 327 1134 374 contr.

151 397 292 456 Arianos:
330 397 550 462 ‘Administrcm
580 411 718 452 semorum
735 407 795 464 ests
821 415 915 453 orem
935 407 1037 463 ouum,
1064 401 1135 452 solitu

151 481 206 536 Dei
233 479 308 532 nerlu
334 488 361 534 st
388 479 548 548 sapientias.
599 480 625 531 S.
648 477 814 548 Augustino
834 478 887 534 lib.
903 477 931 532 9.
955 479 990 532 de
1012 478 1080 532 Gen.
1105 479 1134 531 si

151 561 196 614 lit.
230 558 330 612 &eure
351 567 477 612 notarum
497 559 616 628 utiquam
638 566 692 612 tum
712 558 801 610 salas
813 567 905 627 potest
918 559 1134 629 liminaquos

151 657 200 694 aec
224 655 256 692 se
283 641 378 708 apem
429 639 456 690 S.
480 635 593 706 Cyriilo
618 635 763 692 Alexand.
784 637 846 691 tib.
868 636 896 691 2.
924 637 955 692 ln
977 639 1131 694 tritanum:

152 719 198 774 Eo
218 711 280 771 ausit
299 718 588 781 nasama-inaccessa,
618 733 686 787 quae
705 717 830 786 propriu
844 726 905 770 sunt
925 717 1010 770 solitu
1030 734 1133 770 ammes

151 799 326 861 monastice,
349 813 460 867 quorum
480 810 561 849 unm
581 813 638 850 esse
659 797 774 848 dicimus
785 797 932 866 efficaciter
945 800 1058 867 operari
1065 813 1133 866 poste

151 889 180 932 ut
201 887 361 940 menturae,
385 885 411 930 et
425 877 577 948 producere
597 893 655 940 res,
679 893 749 946 quoe
769 877 916 946 aliquando
937 893 992 930 noc
1012 887 1096 930 erunt.

212 955 355 1010 Probatur
369 955 396 1008 3.
419 956 545 1024 ratione,
570 969 628 1026 qus
648 957 739 1010 utitur
759 951 787 1009 S.
812 955 936 1011 Thomas
956 972 985 1026 p.
1005 958 1033 1010 i.
1057 972 1082 1026 q.
1095 954 1131 1008 45.

151 1045 204 1092 art
221 1039 246 1091 ⁵.
270 1036 408 1089 nimirum
429 1034 509 1104 quod
530 1035 645 1090 allectus
667 1034 752 1088 debet
772 1049 833 1088 esse
854 1049 872 1088 a
893 1051 980 1090 cause
1000 1051 1036 1091 eo
1057 1036 1133 1105 magis

150 1118 303 1182 universa,
325 1129 381 1184 qno
401 1115 466 1182 ipse
486 1122 529 1168 cst
549 1115 639 1184 magis
661 1115 821 1168 universus.
856 1115 948 1184 Atqui
967 1121 1060 1169 totum
1075 1129 1131 1178 esse,

150 1195 229 1268 quod
247 1210 300 1264 per
321 1194 493 1248 creationem
506 1191 698 1266 producitur,
728 1199 770 1247 est
797 1194 910 1250 effectus
932 1193 1133 1249 universalissi-

150 1291 230 1332 must
261 1288 329 1343 ergo
359 1287 414 1326 non
442 1280 537 1344 potest
565 1287 625 1328 esse
653 1274 711 1328 nisi
739 1289 756 1326 a
779 1284 865 1326 causa
886 1272 1131 1336 universalissima,

151 1369 224 1428 quae
246 1361 288 1406 est
310 1351 395 1408 Deus
592 1399 615 1411 ..

211 1432 317 1498 Porro,
347 1423 479 1502 quamvis
500 1431 571 1486 baec
592 1433 681 1498 ratio,
711 1433 786 1484 sicut
807 1440 835 1486 et
855 1431 947 1498 aliae,
974 1448 1051 1502 quae
1072 1447 1132 1486 com-

148 1512 274 1568 muniter
298 1511 456 1566 afferuntur
482 1527 498 1564 a
520 1509 676 1582 Tbeologis
705 1509 742 1563 ad
769 1511 800 1566 id
829 1510 1032 1582 probantium,
1061 1511 1133 1580 plane

148 1598 207 1646 non
228 1591 418 1657 convincaut3
435 1589 555 1662 J‘unctae
577 1597 670 1646 tamen
694 1591 915 1644 authoritatibus
937 1607 1030 1660 supra
1052 1590 1132 1646 citatis

149 1672 318 1726 sententiam
337 1667 378 1723 iii
393 1671 549 1726 assertione
569 1672 711 1738 positam,
741 1670 765 1722 si
791 1686 850 1724 non
879 1669 996 1724 omnino
1029 1677 1131 1732 carten,

147 1751 249 1806 saltem
269 1749 537 1819 probabilissimum
559 1765 619 1818 esse
641 1749 803 1804 ostendunt.

208 1830 234 1884 3.
278 1828 418 1896 Quaeres,
449 1845 485 1884 an
513 1829 614 1884 saltem
642 1837 788 1896 ereatura,
819 1835 954 1898 tanquam
982 1845 1074 1884 causa
1098 1829 1132 1880 in-

148 1907 345 1964 strumentalis
365 1909 457 1980 possit
477 1909 566 1965 simul
586 1923 652 1962 eum
673 1907 739 1963 Deo
761 1917 930 1964 concurrere
956 1907 993 1963 cd
1026 1907 1132 1964 creatio

148 2003 213 2043 nem
235 1985 361 2059 alicujus
381 1989 432 2044 rei.
580 1997 583 2002 ·

207 2067 424 2138 Respondetur,
456 2065 610 2136 probabile
641 2065 735 2120 videri
765 2067 820 2121 hoo
852 2067 914 2122 lieri
943 2081 1048 2136 posse:
1084 2077 1133 2122 tum

120 2219 122 2222 Ι
148 2149 217 2220 quia
237 2147 320 2202 nulla
340 2145 456 2201 videtur
476 2146 585 2200 inhoc
606 2145 727 2215 reperiri
753 2147 961 2213 contradictio,
989 2154 1054 2201 tum
1076 2147 1133 2218 quia

144 2227 182 2284 (ie
204 2228 278 2282 lactc
300 2226 389 2284 verba
408 2226 521 2296 prolata
546 2241 564 2280 a
585 2225 737 2280 Sacerdote
766 2233 940 2281 concurrunt
967 2227 1133 2282 instrumen-

145 2307 243 2362 taliter
264 2306 385 2376 physicc
407 2303 454 2378 (ut
474 2306 665 2376 supponimus
686 2319 724 2359 ex
745 2311 867 2362 tractatu
882 2305 917 2359 de
933 2303 1132 2374 Sacramentis)

147 2385 185 2441 sd
206 2387 449 2442 consecrationem
469 2385 597 2450 hostiae,
627 2399 677 2438 seu
704 2385 742 2438 ad
767 2385 988 2454 productionem
1012 2386 1133 2456 corporis

145 2467 254 2520 Christi
274 2465 306 2518 in
326 2465 435 2520 hostia:
465 2479 538 2535 quas
561 2463 679 2534 quidem
706 2463 860 2536 productio
887 2463 934 2534 (ut
961 2462 1050 2520 docet
1071 2466 1134 2520 Con·

146 2545 247 2599 cilium
263 2543 481 2616 Tridentiuum)
502 2545 534 2597 fit
555 2557 607 2613 per
628 2544 843 2600 conversionem
862 2545 948 2599 totius
964 2545 1134 2600 substantiae

145 2623 284 2694 panis'in
305 2622 497 2678 substantiam
519 2624 648 2692 corporis
664 2623 775 2679 Christi
781 2639 788 2690 ς
811 2623 955 2694 adquam
977 2625 1135 2678 conversio

147 2718 214 2760 uem
236 2719 293 2759 non
315 2703 410 2757 minor
429 2703 561 2772 potentia
582 2702 748 2772 requiritur,
772 2717 856 2773 quam
879 2701 917 2759 ad
938 2705 1118 2759 creationem.

478 2893 902 2994 scurrone
961 2951 966 2958 -

144 3053 199 3116 sn
223 3053 358 3126 ullum
380 3057 553 3116 creaturas
571 3053 716 3182 ggffito
723 3053 780 3112 vel
803 3068 879 3112 esse
901 3051 1072 3131 potuerint
1096 3051 1132 3109 ab

207 3255 233 3309 l.
277 3253 361 3322 Quod
396 3263 506 3326 spectat
540 3255 578 3310 ad
611 3257 734 3326 primam
766 3257 931 3325 propositae
963 3254 1134 3326 quaestionis

143 3341 272 3406 partem,
306 3333 461 3388 dicendum
493 3329 550 3401 cst',
585 3333 656 3390 Fide
688 3335 831 3396 catholica
862 3334 1036 3390 credendum
1070 3337 1133 3397 csse,

146 3427 238 3482 neque
259 3411 414 3476 mundum,
437 3427 531 3482 neque
551 3413 643 3467 ullam
666 3421 824 3468 creaturam
847 3415 934 3468 inisse
956 3413 993 3470 ab
1015 3421 1132 3476 aeterno,

145 3489 196 3543 sed
217 3489 330 3555 omnia,
353 3503 427 3557 quoe
447 3497 515 3544 sunt
535 3491 583 3545 vel
605 3493 729 3590 luerunt,
752 3491 912 3548 durationis
934 3507 1001 3548 suae
1022 3493 1134 3546 initium

145 3568 291 3622 habuisse.
