2324 3886
138 149 198 216 tit
572 165 608 208 na
624 165 691 208 nso.

138 303 207 342 atine
228 304 261 340 ee
281 287 322 342 iia
338 285 455 356 portin
485 283 513 340 2.
537 285 563 342 S·
580 283 694 340 Petris.
716 275 792 340 Dios
801 289 942 356 patienter
952 287 1014 356 ogit
1024 298 1137 358 propter
1156 273 1157 282 ἵ

139 383 199 431 oet,
227 365 319 420 notem
340 367 455 436 signem
470 366 579 434 perire,
602 366 650 418 sed
668 381 758 420 onrtee
772 367 810 420 ad
817 368 1016 436 poenitentiam
1031 369 1137 422 reuerti.

200 444 343 500 Probatur
356 444 384 498 2.
415 459 452 499 ex
477 443 634 510 Consiliis,
663 444 844 501 Arausieauo
871 461 932 500 ean.
949 445 997 502 25.
1024 455 1055 502 et
1077 448 1135 502 Tri·

140 524 218 582 dent.
241 539 309 580 sess.
325 523 352 580 ti.
376 539 437 578 ean.
456 523 501 578 ii.
523 523 683 594 inquibus
705 526 858 580 anathema
879 525 986 582 dieitur
1008 527 1068 594 iis,
1091 528 1136 596 qui
1156 569 1157 572 ,

138 606 328 671 asseruerint,
358 605 472 674 aliquos
497 602 600 658 divina
620 611 761 672 potestate
783 604 821 658 ad
841 606 948 660 malunt
970 619 1038 660 esse
1061 623 1157 678 praej

136 684 306 742 destinatos.
349 684 421 742 Item
443 699 480 738 ex
502 683 614 738 concil.
630 683 785 739 Valentino
800 697 870 754 ,cap
887 685 914 740 3.
936 684 991 738 ubi
1013 685 1133 740 dieitur.
1156 711 1157 714 ¹

137 763 170 820 ln
191 765 316 820 electione
329 765 527 820 ‚solvendorum
547 764 759 820 misericordium
774 765 954 833 praestana·
974 767 1007 818 in
1024 767 1134 820 damno·
1156 775 1157 816 ἐ

138 845 209 900 tione
239 853 328 899 anien
350 845 534 913 petitnrotnm
563 844 686 898 meritam
715 845 814 896 natum
840 845 1010 913 praecedere
1037 847 1157 922 justo&

128 924 273 992 judicium.
681 960 686 996 ,
1156 923 1157 926 ’

197 1003 340 1058 Probatur
354 1001 381 1056 3.
411 1001 584 1056 authoritate
613 1002 639 1056 S.
663 999 822 1072 Augustini
849 1003 901 1056 lib.
917 1001 945 1057 3.
967 1011 1067 1058 contr.
1090 1005 1134 1059 lu-

137 1083 266 1148 lianum,
295 1097 319 1136 e.
336 1080 380 1136 18.
413 1081 506 1134 Bonus
528 1091 567 1136 est
586 1082 663 1140 Dens
689 1079 831 1152 (iuquit),
853 1082 946 1150 justus
973 1093 1018 1136 est
1047 1085 1133 1148 Deto,·

131 1171 223 1233 potett
243 1162 348 1231 aliquos
368 1162 426 1214 eine
448 1161 523 1214 toan
543 1163 646 1217 neritia
667 1162 797 1224 liberare,
821 1164 886 1231 qnia
904 1163 989 1216 bonne
1005 1173 1067 1229 eet,·
1087 1181 1131 1216 noa
1156 1151 1157 1220 l

130 1251 222 1312 potest
242 1257 400 1312 quemqnam
420 1242 478 1294 eine
498 1242 577 1294 nolio
597 1242 700 1294 meritis
721 1242 863 1304 tietmare,
891 1244 956 1312 qnia
969 1243 1071 1310 justae
1091 1252 1131 1296 est.
1156 1253 1157 1258 ’

135 1321 173 1374 Et
201 1322 228 1376 S.
253 1321 353 1389 Prosp.
382 1319 435 1372 lib.
457 1320 639 1389 intensus.
669 1319 706 1372 ad
733 1320 862 1388 capitula
890 1320 1069 1388 Gallorum,
1099 1320 1130 1374 ad

134 1413 200 1468 esp.
218 1400 243 1452 i.
268 1398 320 1452 ubi
341 1400 382 1452 sie
404 1399 549 1470 loquitur:
575 1400 674 1454 Gratia
686 1399 743 1455 Dei
755 1417 808 1455 non
817 1402 898 1470 prise
919 1419 963 1454 eoe
986 1402 1130 1472 (reprobos
1156 1397 1157 1408 ²

129 1479 253 1547 seilicet)
276 1479 407 1542 desernit,
434 1495 514 1550 qnam
535 1480 569 1534 ab
591 1481 625 1534 iis
646 1481 830 1545 desereretnr5
857 1489 884 1533 et
905 1484 969 1551 qnia
992 1482 1045 1537 doe
1066 1485 1131 1551 ipsos
1156 1475 1157 1510 ἶ

133 1559 287 1614 semeria
307 1559 455 1629 defectione
469 1560 596 1629 facturos
612 1561 766 1628 praevidit,
797 1560 857 1612 ideo
885 1561 913 1614 in
933 1563 1129 1630 praedestino·
1156 1591 1157 1606 κ

131 1639 214 1692 mnia
233 1640 361 1692 electione
382 1639 442 1692 illos
463 1657 518 1692 non
542 1640 642 1692 inbuit.

194 1717 336 1774 Probatur
350 1717 377 1770 t.
407 1717 533 1784 ratione,
564 1721 633 1788 quia
661 1719 736 1772 sient
764 1732 857 1786 poena
881 1721 1049 1774 necessario
1071 1734 1129 1789 pee-

132 1805 227 1852 catum
248 1798 473 1866 praesupponit,
503 1813 567 1851 eum
590 1799 627 1852 sit
648 1797 730 1850 illius
751 1798 883 1865 punitio,
911 1797 953 1852 ita
974 1798 1128 1854 destinatio
1156 1819 1157 1822 ¹

129 1875 171 1931 ad
198 1891 322 1944 poenam
350 1879 560 1946 praesupponit
579 1879 667 1932 etiam
696 1879 905 1950 peceatumwiu
934 1893 984 1944 eo,
1016 1880 1071 1948 qui
1098 1876 1129 1930 td

129 1971 194 2014 eam
215 1955 391 2022 destinatur,
414 1964 441 2011 et
461 1957 573 2026 peceati
589 1957 780 2028 cognitionem
795 1956 826 2010 in
846 1972 896 2022 eo,
920 1958 971 2026 qui
987 1957 1127 2022 destinat3

132 2035 204 2088 alias
216 2033 362 2106 judicium
378 2035 440 2106 ejus
455 2051 508 2090 nee
519 2034 630 2106 justum
646 2051 698 2089 neo
714 2035 934 2090 determinatum
946 2053 1009 2090 esse
1020 2045 1126 2106 posset,

128 2127 195 2171 enm
217 2130 270 2170 nee
292 2131 407 2170 eausam
428 2115 753 2187 legitimampuniendi
773 2115 909 2180 haberet,
938 2116 990 2168 ubi
1013 2117 1126 2170 nullum

127 2203 203 2254 esset
223 2187 632 2264 petentum,1neoraiionem
656 2195 745 2250 ullam
768 2194 983 2255 determinarunt
1004 2211 1125 2266 poenam

130 2275 166 2330 ad
189 2283 297 2330 eertum
320 2273 439 2344 gradum
461 2276 633 2334 intensionis
656 2275 700 2329 vei
723 2267 916 2340 extensionis,
938 2288 1003 2328 enm
1022 2276 1081 2332 hoe
1095 2290 1126 2328 ex

126 2356 293 2426 eognitione
315 2353 465 2425 gravitatis
489 2362 538 2412 aut
551 2355 679 2410 levitatis
693 2356 806 2424 peoeati
821 2351 957 2422 pendeat3
980 2371 1033 2424 pro
1052 2371 1126 2410 men-

125 2449 196 2489 suto
217 2435 294 2490 enim
316 2434 418 2490 delicti
439 2433 524 2488 debet
546 2450 607 2488 esse
628 2435 779 2504 plagarum
801 2433 911 2489 modus,

464 2655 693 2724 SEOTIO
729 2655 794 2726 HL

123 2781 182 2847 An
200 2787 309 2844 solum
327 2781 502 2858 pensatum
518 2799 540 2841 o
583 2855 584 2858 Ἴ
626 2785 680 2843 als
698 2787 743 2842 sit
759 2799 865 2842 eausa
879 2783 1122 2856 reprobationis

217 2857 384 2927 positivae
408 2857 478 2912 tam
504 2853 572 2914 adu
585 2857 694 2912 torum
720 2867 822 2926 quam
844 2855 1031 2912 tutantium.

185 2987 291 3040 Sensus
314 2986 491 3058 quaestionis
514 2994 572 3052 est,
595 3003 631 3042 an
646 2987 709 3054 iili,
733 2987 784 3056 qui
800 2985 1037 3055 reprehensum,
1062 2989 1118 3040 fne-

124 3065 184 3122 tiut
205 3080 222 3118 a
244 3067 304 3123 Deo
326 3066 474 3135 reprobati
488 3075 515 3122 et
528 3067 652 3120 aeternis
667 3066 820 3136 suppliciis
835 3065 947 3120 addicti
961 3075 1026 3122 aute
1040 3080 1119 3136 prae·

124 3146 267 3204 visionem
289 3144 486 3214 cujuscunque
507 3145 621 3214 peceati
643 3146 782 3211 actualis,
812 3153 839 3200 et
867 3145 904 3199 ob
934 3143 1026 3198 solum
1058 3161 1119 3215 peo-

121 3233 222 3283 eatum
243 3224 384 3294 originale
404 3225 579 3293 praevisum.
622 3225 678 3280 Pro
701 3225 782 3296 eujus
805 3225 1000 3282 resolutioue‘

186 3304 348 3358 Dicendum
366 3303 395 3357 i.-
413 3304 516 3361 laisum
538 3319 599 3359 esse
621 3304 732 3370 dicere,
763 3304 861 3359 Deum
879 3304 916 3358 ob
939 3305 1033 3358 solnm
1056 3319 1117 3373 pee-

123 3389 222 3438 eatum-
241 3383 382 3452 originale
404 3383 441 3436 ab
464 3391 578 3438 aeterno
600 3384 768 3452 reprobasse
792 3384 933 3456 positive,
963 3391 991 3439 et
1019 3385 1115 3452 poenis

124 3463 246 3527 aeternis
268 3461 416 3516 addixisse
438 3475 535 3520 omnes
558 3469 585 3514 et
611 3477 800 3534 quoscunque
828 3464 976 3530 homines,
1006 3464 1058 3533 qui
1084 3461 1115 3515 ab

119 3541 189 3610 ipso
206 3540 358 3610 reprobati
379 3548 456 3594 suut.

4 3733 6 3756 ,
110 3731 111 3736 s

4 3769 132 3852 ¹.
