2332 3880
157 98 201 166 'ld
590 115 630 174 us
648 113 725 162 rinus

162 245 223 293 tsrn
244 235 280 292 de
302 234 435 290 doctrine
456 247 542 306 quem
564 233 600 288 de
619 233 752 304 personis
773 231 866 288 ullum
888 231 983 288 subsit
999 235 1144 304 periculu

164 323 215 372 snt
235 323 340 370 temere
351 313 524 385 judicandi,
546 321 596 366 cut
610 314 712 402 quovip
728 313 786 368 elio
801 313 888 368 modo
902 314 1059 384 peccandi
1074 321 1144 372 contr

161 395 342 452 charitatem.
384 393 445 448 lmo
466 394 493 448 si
513 394 579 464 quis
593 393 691 449 nescio
707 408 765 464 quo
779 409 855 462 veno
870 393 1080 464 conscientiae
1096 410 1144 448 scri

158 475 232 546 pulo
261 481 309 530 sut
337 471 467 528 fortassis
494 471 620 528 humano
645 471 744 543 aliquo
766 479 1096 544 respectnrreousnret,
1123 491 1144 526 ar

159 553 382 625 subterfugeret,
405 550 541 608 damnare
558 565 602 621 ea,
624 567 697 622 quae
712 551 793 606 sedes
809 551 970 624 apostolice
986 550 1144 608 damnasse

157 642 210 688 unt
229 649 283 704 pro
305 631 462 688 Catholicis
484 639 511 685 et
526 629 706 686 Orthodoxis
724 631 830 686 hebere
851 632 941 686 vellet
957 647 1029 702 eos,
1056 634 1109 703 qni
1122 631 1144 685 ei

159 729 260 768 versus
272 711 418 783 ··sjusdem
446 710 537 768 sedis·
551 711 755 768 authoritatem
780 717 978 780 contumaces,
1009 709 1104 767 iilius
1124 711 1144 763 dt

158 795 246 848 cretis
267 793 298 846 iu
320 792 440 846 momnis
460 790 549 848 Fidei
565 790 717 846 humiliter
738 805 771 846 ec
792 792 902 846 sincere
930 791 1062 848 subesse
1093 805 1144 844 recu

161 879 274 938 serent,
303 877 372 926 tuno
391 870 496 942 procul
517 867 609 927 dubio
629 870 715 942 longe
736 870 852 942 gravius
875 869 1088 942 delinqueret,
1110 877 1144 922 tur

158 952 191 1006 in
211 968 268 1017 reo,
298 948 377 1020 quod
400 948 547 1020 judicium
571 950 723 1020 proprium
743 957 771 1004 et
791 950 969 1023 particulare
991 951 1081 1006 sedis
1102 964 1144 1018 spe

160 1031 280 1086 stelione
296 1027 412 1100 judicio
432 1029 605 1098 nnteierret,
633 1027 711 1100 quod
739 1029 857 1100 quidem
878 1037 922 1085 est
936 1029 1059 1104 judicii
1081 1037 1144 1084 terne

159 1111 233 1166 retii
253 1123 342 1180 genus
363 1108 449 1180 longe
470 1107 683 1176 damnabilius3
712 1113 774 1164 tum
802 1110 891 1164 etism·
915 1110 988 1180 quis
1019 1111 1068 1164 sic
1089 1123 1144 1162 recu

157 1188 253 1244 sendo
274 1195 324 1246 sut
345 1187 583 1260 subterfugiendo
601 1193 736 1258 peccerot
759 1195 859 1246 contro
886 1186 1144 1247 obedientiarum

159 1267 268 1325 sicsine
289 1267 433 1334 debitum,
457 1267 592 1324 insimul
612 1268 700 1322 etism
721 1275 878 1340 exponeret
898 1283 929 1323 se
944 1269 1088 1340 periculo
1099 1279 1144 1336 peu

158 1347 247 1404 cundi
268 1353 368 1404 contro
383 1345 501 1414 Fidem,
523 1353 552 1402 ct
572 1347 692 1404 fortusse
714 1353 813 1402 contre
834 1347 1025 1416 charitatem,
1055 1347 1144 1402 rstiont

159 1425 309 1494 smndoli,
331 1442 389 1498 quo
410 1425 483 1482 elios
505 1425 543 1480 nd
563 1427 688 1482 similem
703 1425 831 1498 aliquem
851 1442 972 1496 prusam
986 1425 1144 1498 dispositio·

159 1521 226 1560 nem
247 1521 299 1560 suo
320 1505 454 1575 exemplo
474 1505 633 1562 induceret.
1143 1563 1144 1566 ,

184 1635 186 1639 .
218 1584 360 1653 Quaeres,
388 1585 531 1656 quomodo
549 1601 603 1640 se·
617 1600 714 1656 gerere
742 1584 847 1640 debent
874 1586 1045 1660 Theologus
1074 1587 1101 1638 in
1120 1596 1144 1636 eo

157 1679 243 1732 usu,
271 1667 303 1719 in
332 1679 390 1736 quo
417 1679 493 1718 nous
520 1665 621 1736 ilique
639 1663 773 1720 doctrino
794 1667 971 1733 exoriretur,
996 1680 1081 1738 quoe
1100 1660 1144 1730 ipsi

156 1752 294 1815 suspects
321 1746 408 1809 toret,
437 1751 466 1798 et
492 1743 530 1800 de
557 1759 615 1814 quo
641 1752 737 1800 temen
762 1745 874 1800 nullum
896 1745 993 1803 edhue
1011 1737 1144 1818 judicius

158 1821 291 1878 Ecclesia
311 1823 487 1894 protulisset.
530 1823 748 1893 Respondelnr‚
769 1825 799 1878 in
822 1839 856 1879 eo
879 1836 946 1880 cusu
960 1825 1042 1882 nihil
1058 1822 1144 1878 meliut

158 1901 195 1958 ub
224 1917 258 1958 eo
286 1903 347 1958 lieri
369 1917 469 1973 posse,
499 1917 585 1976 quern
608 1901 770 1959 euscuitsre
790 1904 932 1962 monitum
952 1903 1093 1978 Apostoli
1112 1897 1143 1951 di·

157 1983 265 2038 centis:
297 1982 389 2037 Nolite
410 1986 482 2038 omni
501 1985 611 2054 spiritui
631 1985 753 2047 credere,
777 1985 826 2037 sed
839 1985 957 2054 probate
976 1985 1105 2056 spiritis,
1123 1977 1143 2029 εἰ

155 2077 190 2116 ee
209 2062 269 2116 Deo
289 2071 364 2128 nort,
387 2065 452 2134 quic
472 2063 814 2133 molssl’seudoproplesae
834 2065 955 2118 exomni
969 2067 1000 2120 os
1014 2062 1142 2120 mundent

156 2151 185 2196 et
205 2141 265 2198 ulio
286 2143 317 2196 in
338 2142 419 2198 loco:
447 2143 546 2205 Videte,
569 2161 602 2198 ne
616 2145 678 2216 quis
694 2159 741 2198 uos
755 2144 873 2214 decipiet
880 2162 934 2213 ,uer
941 2145 1091 2214 fallacium
1104 2145 1140 2190 eit

155 2222 204 2278 Ac
221 2221 345 2292 proinde
366 2223 441 2278 sieut
461 2237 554 2293 neque
575 2217 680 2278 ieviter
701 2221 833 2290 credere,
863 2237 956 2294 neque
983 2231 1090 2280 temere
1103 2215 1140 2286 ju·

155 2300 257 2358 dicare
278 2308 328 2356 eut
348 2301 541 2358 condemnere
562 2303 646 2371 licet,
668 2303 712 2356 sic
732 2303 818 2359 etiem
839 2311 951 2373 oportet
970 2302 1104 2374 probare,
1121 2297 1141 2346 ei

157 2387 297 2452 questum
319 2382 439 2451 spiritus
462 2389 491 2437 et
510 2382 666 2452 prudentis
686 2382 860 2454 suggesserit
872 2383 1065 2454 perpendere,
1084 2388 1137 2446 qli·

156 2461 199 2518 lis
219 2462 295 2528 sint,
317 2462 442 2530 quaein
464 2461 614 2531 eiusmodi.
629 2476 706 2516 nove
727 2460 858 2516 doctrine
877 2468 1094 2532 proponuntur,
1118 2455 1138 2503 ei

155 2555 194 2593 sn
216 2555 281 2597 cnm
301 2540 356 2605 iis,
380 2555 454 2610 quse
473 2540 618 2596 habentur
638 2553 674 2594 ex
695 2555 777 2602 sucre
793 2541 957 2611 Scriptura,
979 2550 1030 2598 eut
1050 2553 1084 2593 ex
1103 2531 1138 2584 dt

156 2619 243 2674 cretis
265 2619 463 2674 Consiliorum
485 2633 536 2680 scu
550 2619 737 2688 Pontificum,
761 2627 809 2674 eut
823 2637 860 2676 ex
874 2622 1021 2676 communi
1035 2619 1135 2673 Petrum

156 2705 185 2753 et
205 2699 361 2754 Doctorum
380 2697 531 2754 Ecclesiae
552 2713 709 2767 consensu,
732 2701 921 2767 concordent;
943 2709 973 2756 et
993 2701 1019 2754 si
1033 2692 1135 2775 quiden

155 2779 234 2834 rstio
252 2777 353 2850 ulique
373 2777 528 2834 dubitandi
550 2779 658 2846 subsit,
688 2778 861 2834 tutissimum
891 2779 946 2834 erit
973 2779 1033 2837 sibi
1059 2765 1133 2856 stuli

157 2855 291 2915 doctrine
312 2873 430 2925 essere,
452 2865 481 2914 et
499 2861 658 2914 novitatem
677 2859 883 2930 quemcunque
893 2861 924 2914 iu
938 2859 1058 2914 muteris
1070 2846 1134 2939 Fidei

154 2941 184 2990 ct
204 2937 356 3009 religionis
378 2947 492 3008 semper
506 2947 672 3008 suspectum
692 2939 827 3010 hebere,
844 2939 935 2994 donec
956 2935 1083 2995 Ecclesia
1095 2940 1133 2997 ll·

149 3013 236 3072 dicio
263 3030 315 3070 suo
347 3015 523 3086 definierit,
543 3017 619 3088 quid
649 3017 685 3074 de
716 3017 860 3089 ejusmodi
890 3018 1022 3076 doctrine
1052 3018 1130 3068 tenen·

153 3093 227 3151 dum
248 3095 294 3150 sit.
744 3136 749 3145 ,
1023 3128 1026 3134 ·

212 3175 310 3246 Atque
337 3175 485 3236 hactenns
506 3177 542 3232 ds
563 3175 659 3245 -Fide3
687 3173 766 3232 nunc
795 3177 831 3232 de
855 3179 994 3249 primerio
1014 3174 1073 3248 ejus
1090 3163 1128 3220 ob

147 3253 246 3327 jecto,
268 3267 373 3326 nempe
394 3255 464 3313 Deo.
494 3289 497 3294 -

548 3421 756 3432 ..-m-..-
