2294 3892
162 129 226 200 428
566 151 604 197 or
628 148 747 195 enarra.

224 269 309 326 Ratio
330 279 389 339 est,
418 272 488 342 quia
513 271 590 326 Deus
612 271 708 326 media
728 287 826 327 eornm
849 274 936 327 statui
957 280 1054 342 aptast
1071 287 1119 326 oon-

166 367 252 422 grua,
281 357 309 405 et
336 366 373 406 ex
400 367 430 406 se
458 350 495 406 ad
524 352 645 414 sulutem
669 352 850 420 xsufficientia
876 353 948 423 ipsis
973 351 1119 422 prosilite

163 431 365 502 praeparavit,
394 446 458 486 oum
486 431 628 502 baptismi
657 431 873 488 Sacramentum
901 447 955 502 pro
980 433 1033 486 illis
1053 446 1118 500 aeque

164 525 199 564 ae
228 525 282 582 pro
314 509 449 578 omnibus
480 511 546 566 aliie
577 511 720 580 instituit,
761 520 789 570 et
822 519 970 582 praeterea
998 511 1118 570 destinor

163 589 307 660 Baptismi
327 589 490 660 ministros,
520 606 645 664 quorum
667 607 755 662 opera
773 591 830 648 hoe
852 591 1051 648 Sacramentum
1067 589 1128 659 ipsis

163 668 287 725 conferri
308 675 421 740 posset,
451 667 594 740 disposuit
615 670 704 730 etism
722 687 824 728 naneae
846 671 1003 738 naturales,
1029 685 1128 740 quamne

163 749 195 803 vi
222 756 250 804 et
276 749 406 804 efficacia
429 749 524 818 fieret,
553 757 585 804 ut
605 751 637 804 iu
657 751 753 806 lnoem
775 737 943 818 ederedlur,
970 753 1128 821 praeseptum

164 829 251 886 etiarn
281 829 449 900 parentibus
479 835 507 886 et
536 829 605 886 aliis
633 830 788 900 imposuit,
805 838 848 886 vnt
878 832 909 886 in
941 831 1028 886 lneem
1050 828 1115 884 editos

163 907 364 980 baptizarent,
387 916 438 965 aut
457 907 607 978 baptisari
624 919 767 967 curarent.
808 939 810 944 ·

177 1027 180 1038 .
225 987 310 1054 Quod
331 989 356 1049 si
378 1003 414 1044 ex
434 989 549 1044 inousia
567 997 745 1058 parentum,
763 996 816 1046 eut
842 989 931 1059 eulpa
951 989 1128 1060 ministrorum,¹

162 1074 212 1124 sut
238 1066 355 1123 deiectu
382 1083 532 1130 causarum
559 1069 735 1127 ,naturalium
762 1069 838 1128 inter
863 1084 895 1124 se
926 1065 1128 1126 oonnurrenthm'

163 1162 250 1218 saque
271 1148 398 1206 invicem
419 1147 641 1218 impedientium
662 1150 827 1221 contingat,
850 1164 902 1206 ens
922 1163 978 1202 non
995 1145 1128 1216 baptisari

162 1226 239 1280 nihil
261 1225 343 1282 eliud
363 1226 432 1280 inde
452 1227 595 1298 sequitur,
619 1228 678 1282 nisi
692 1228 784 1286 Deum
807 1227 1026 1285 extraordinario
1041 1225 1128 1293 aliqu*

162 1305 366 1379 providentiae
393 1322 461 1360 suae
489 1306 575 1368 modo
603 1307 665 1362 illis
692 1323 750 1374 non
779 1307 923 1374 adfuisse,
954 1315 983 1361 nt
1007 1289 1128 1376 ejusmodi}

163 1385 280 1454 effeetus
301 1385 464 1456 impediret
593 1453 594 1458 η
1127 1369 1128 1440 l

223 1463 312 1520 Porro
331 1465 403 1522 haee
417 1465 491 1520 ratio
506 1465 612 1530 clarior
626 1463 721 1520 adhue
736 1473 763 1519 et
777 1465 942 1522 evidentior
955 1465 1004 1520 hoo
1016 1461 1113 1530 exemplo

163 1543 221 1598 fiet.
265 1545 295 1599 Si
317 1561 368 1600 rex
387 1546 494 1616 aliquis
515 1545 656 1614 plurimos
678 1562 714 1600 ex
735 1541 861 1600 subditis
883 1547 941 1600 suis
960 1543 1079 1616 captivos,
1096 1545 1113 1591 et

163 1621 201 1676 ab
222 1623 354 1694 hostibus
377 1625 507 1680 delentos
528 1623 670 1678 redimere
685 1625 789 1692 vellet,
811 1625 888 1680 nihil
902 1625 999 1680 melius
1012 1631 1035 1678 et
1046 1621 1113 1689 aptius

163 1701 300 1756 adhunc
322 1707 407 1758 linem
428 1700 576 1774 praestare
594 1714 705 1776 posset,
733 1721 818 1774 quarn
839 1703 963 1777 pretium
982 1699 1112 1769 redemptio-

162 1781 209 1834 nis
237 1781 417 1852 singulorum
444 1781 609 1846 adultorum
636 1785 668 1838 in
695 1785 815 1856 propria
843 1783 1052 1857 uniuscnjusque
1066 1777 1111 1830 illo·

162 1875 227 1918 rum
248 1875 336 1914 manu
358 1861 544 1934 consignare,
570 1869 602 1918 nt
621 1872 708 1938 prout
729 1864 851 1941 quisque
873 1864 962 1927 vellet
980 1879 1043 1926 sese,
1058 1851 1110 1911 illud

162 1935 320 2008 solvendo,
349 1941 381 1994 in
407 1941 570 1997 libertatem
592 1958 718 2012 asserere
740 1951 853 2014 posset5
882 1943 1001 2013 pretinm
1018 1954 1067 1994 vero
1082 1949 1110 1988 re·

163 2017 516 2094 demptionisinisntinm
538 2029 566 2089 et
587 2017 709 2078 oliorum
732 2039 784 2076 usu
806 2025 928 2078 rationis
949 2013 1109 2078 narentlnnin

161 2115 249 2172 manu
270 2107 439 2170 parentum,
456 2109 510 2159 out
530 2103 776 2174 propinquorum,
807 2109 834 2156 et
861 2103 933 2172 ipsis
955 2093 1109 2158 deicientibus

161 2175 192 2232 in
215 2195 301 2235 manu
323 2181 451 2235 omniurn
479 2181 602 2236 aliorum
631 2182 791 2252 deponere,
819 2190 851 2236 ut
880 2183 922 2236 sie
948 2199 998 2252 per
1021 2176 1128 2236 ninistr-¹

162 2259 242 2322 rium¹
266 2255 385 2324 illorum
413 2253 449 2314 ab
479 2260 622 2330 ejusmodi
650 2263 818 2332 captivitate
839 2259 1030 2316 liberarentur.
1062 2255 1109 2312 sne

163 2339 294 2410 quamvis
315 2347 415 2414 postea
436 2341 593 2407 accideret,
616 2349 647 2394 nt.
666 2349 817 2412 parentum
839 2341 886 2396 vel
906 2332 1110 2410 aliornminonit

163 2426 214 2472 unt
242 2419 329 2490 culpa
356 2420 482 2496 pretinm
509 2419 586 2474 illud
615 2437 672 2474 non
694 2421 870 2489 solveretur,
902 2435 935 2477 ao
962 2421 1000 2474 sie
1024 2415 1110 2472 inientes

162 2493 210 2552 illi
232 2498 341 2567 captivi
363 2506 556 2556 remanerent:
580 2501 678 2555 nullus
700 2507 794 2558 temen
817 2509 906 2570 esset,
929 2501 978 2570 qui
994 2506 1111 2563 nonagsst

162 2581 268 2644 soeret,
291 2593 384 2649 regom
406 2579 507 2645 illum,
530 2587 667 2650 quantum
688 2596 732 2642 ex,
748 2597 777 2634 se
799 2587 857 2654 est,
878 2580 973 2636 media
993 2576 1025 2632 ad
1037 2573 1111 2629 reden·

161 2657 290 2729 ptionem
319 2659 474 2712 infantium
498 2655 616 2712 illorum
639 2667 706 2728 apta
727 2667 755 2714 et
776 2655 949 2714 sufficientia
968 2661 1110 2728 praeparasse

164 2751 198 2792 ae
218 2737 391 2807 providisse.
722 2749 742 2770 ¹*
786 2749 789 2756 ’

224 2818 270 2870 lix
296 2818 351 2872 hoo
380 2818 529 2888 exemplo,
557 2817 642 2888 quosl-
665 2821 734 2872 satie
748 2829 751 2846 ¹
764 2831 815 2888 per
835 2829 866 2873 se
887 2819 992 2880 olerum
1013 2821 1057 2878 est,
1078 2819 1109 2860 re

164 2895 224 2950 elia
244 2891 336 2970 magis
357 2897 479 2968 speciali
500 2897 705 2967 applicatione
717 2898 845 2970 indiget,
874 2893 969 2968 quivis
992 2891 1108 2960 intelliget

163 2984 273 3044 potest,
300 2990 389 3047 ¹quom
418 2991 486 3030 vere
505 2977 621 3050 dietum
645 2995 661 3031 a
681 2977 769 3031 nobis>
789 2979 840 3044 alt,
872 2978 962 3031 Denm
983 2977 1053 3029 etirrs
1068 2981 1107 3038 prr·

162 3054 240 3106 volis
261 3055 370 3126 absque
391 3057 539 3125 Baptismo
561 3057 768 3111 decedentibus
789 3057 886 3112 media
901 3057 938 3111 ad
951 3057 1106 3110 salutentu-

163 3133 339 3202 sequendam
356 3137 523 3190 necessaria
536 3146 731 3205 'praeparasse
752 3150 785 3191 no
806 3136 976 3206 providlsse.

511 3328 513 3336 ’
551 3327 762 3362 ’...,Δ....--
