2324 3886
116 145 177 220 rte
550 165 669 212 maro.

175 288 231 342 Vel
252 285 484 356 respondendum
505 293 563 352 sat,-
585 285 746 342 inmuni
767 287 989 358 praeordinatos
1014 285 1055 342 atl
1077 289 1118 342 ri-

116 375 175 424 tam
197 373 356 433 semmam,
385 367 436 437 qui
463 367 494 420 in
515 366 570 422 illa
590 367 796 436 Apostolorum
817 368 959 424 condono
980 365 1036 438 (de
1060 383 1117 441 qua

117 449 149 502 iu
170 461 204 502 eo
225 447 290 501 loeo
310 447 420 500 mentio
441 443 485 517 nt)
509 445 616 502 donum
637 445 721 502 Fidei
742 455 930 516 acceperunt,
957 454 994 502 ut
1023 454 1116 502 osten-

118 525 205 582 datur
225 525 333 582 donum
352 525 430 582 illud
446 523 547 595 Fidei,
569 524 648 596 quod
669 532 739 582 tunc
758 527 822 582 iliis
840 526 978 581 collatam
1002 525 1070 594 luit,
1091 535 1117 582 et

117 617 170 677 per
191 605 269 677 quod
290 605 366 660 Deus
386 602 455 660 illas
476 603 626 660 advitam
643 612 790 660 aetermm
814 605 963 660 ordinarit
991 621 1029 661 ae
1059 606 1115 660 die-

116 687 230 757 posuit,
263 685 360 741 omnia
389 685 509 740 illorum
538 685 642 740 merita
671 686 877 756 praecessisse,
908 687 1014 756 sicque
1048 687 1115 740 illos

116 765 352 835 praeordinatum
380 764 506 820 licceat
532 771 598 820 ante
625 761 688 818 ulla
714 765 817 820 merita
840 763 991 820 ordinatos
1014 766 1114 832 luisse,

115 858 166 899 aen
187 851 319 915 aptos-et
338 840 458 898 idoneos
479 842 609 900 redditos
636 839 806 913 perdition]
833 845 922 915 gratis
951 851 1114 914 acceptam,

114 923 156 978 ad
177 925 267 978 vitam
289 929 435 976 aeternam
453 937 506 994 per
523 921 603 976 -bona
621 934 713 993 opera
730 923 962 993 ‘promerendam

177 1001 196 1036 ⁴*
215 1004 300 1057 Certe
321 1001 346 1056 oi
366 1003 448 1056 lecca
468 1003 521 1058 illo
541 1004 680 1058 Actorum
709 1003 836 1075 intelligi
862 1002 984 1058 deberet
1013 1017 1114 1058 secun·

117 1081 188 1138 dom
216 1087 340 1136 mentem
368 1081 504 1152 illorum,
532 1082 583 1152 qui
611 1097 647 1136 ex
668 1097 704 1136 eo
725 1081 849 1152 probare
869 1083 972 1137 volunt
994 1083 1115 1151 praede·

115 1163 300 1217 minationem
322 1161 467 1216 efficacem
487 1161 526 1218 ad
548 1161 670 1233 gloriam
697 1161 871 1231 praecedere
897 1163 1113 1232 praevisionem

116 1242 295 1298 maritorum:
311 1255 348 1295 ex
361 1238 419 1294 illo
428 1241 566 1297 similiter
579 1239 751 1310 probaretur
764 1243 944 1296 vocationem
960 1241 999 1296 od
1013 1241 1113 1296 Fidem

116 1335 280 1390 supponere
300 1317 584 1388 praeordinationem
606 1320 644 1374 sd
666 1321 755 1374 vitam
777 1329 939 1387 aeternam,
968 1319 1051 1375 unde
1077 1335 1113 1374 se·

117 1406 268 1470 queretur,
290 1399 387 1454 nullos
409 1401 467 1457 nisi
487 1399 717 1473 praedestinatos
731 1399 833 1454 Fidem
854 1399 977 1468 habere,
997 1408 1029 1454 et
1051 1416 1112 1470 pro·

118 1477 187 1534 mie
209 1491 307 1532 omnes
328 1485 357 1533 et
377 1492 565 1553 quoscunque
587 1479 686 1533 Fidem
707 1479 846 1534 habsmes
868 1493 928 1534 esse
955 1479 1113 1552 praedesti-

116 1565 216 1625 natos3
238 1555 318 1629 qnod
338 1565 432 1613 tamen
454 1559 604 1614 manifeste
625 1559 962 1630 repugnatScriptnrae,
986 1567 1015 1612 et
1038 1559 1111 1612 dam·

115 1645 201 1692 natur
215 1653 232 1691 a
247 1637 379 1694 Concilio
395 1635 567 1692 Tridentino
588 1653 655 1692 sess
671 1638 698 1692 6.
720 1651 822 1694 canon.
842 1637 886 1692 li
919 1639 957 1692 lit
977 1653 993 1692 e
1015 1646 1111 1693 contra

116 1723 300 1788 sequeretur,
332 1730 396 1784 eos,
430 1719 481 1788 qui
511 1716 710 1786 praeordinati
734 1729 806 1771 sen
815 1717 1027 1787 praedestinati
1057 1733 1110 1773 non

116 1803 184 1850 runt
205 1795 241 1850 ad
263 1797 393 1867 gloriam,
416 1811 563 1867 nunquam
585 1797 700 1852 credere
716 1805 766 1853 aut
779 1796 881 1852 Fidem
880 1797 1016 1906 habere,
1034 1795 1110 1868 quod

118 1889 209 1945 aeque
231 1875 337 1930 falsum
358 1883 409 1930 est.
770 1896 771 1904 ¹

177 1953 224 2008 Ad
244 1963 394 2026 quartum,
423 1971 522 2010 verum
550 1972 627 2023 ease,
657 1971 704 2010 eos
726 1954 778 2024 qui
799 1971 816 2008 a
837 1955 897 2009 Deo
918 1969 970 2024 per
992 1957 1110 2026 gratiam

115 2041 281 2102 vocantur,¹
301 2043 334 2089 ut
353 2051 389 2090 ex
409 2036 610 2104 peccatoribus
631 2037 700 2090 flant
717 2033 793 2106 justi
822 2042 849 2089 et
876 2035 986 2100 sancti,
1016 2035 1111 2089 vocari

115 2112 155 2168 ad'
175 2114 257 2168 illam
278 2115 399 2188 gratiam
420 2129 479 2175 non
499 2130 536 2169 ex
555 2116 683 2180 maritis,
705 2113 756 2167 sed
777 2129 813 2168 ex
834 2115 959 2184 gratuito
976 2113 1031 2167 Dei
1050 2128 1110 2183 pro·

116 2194 228 2262 posito3
259 2202 290 2248 ut
319 2209 355 2247 ex
383 2190 536 2248 antedictis
565 2199 652 2263 patet.
702 2193 800 2248 Verba
828 2201 939 2258 autem,
969 2207 1044 2262 quac
1071 2208 1109 2246 ae·

117 2282 244 2344 qnuntur
265 2274 348 2344 (quoe
364 2276 515 2344 praescivit
536 2283 560 2326 et
576 2273 826 2343 praedestinavit),
856 2273 899 2326 sle
919 2272 1108 2342 intelligenda
1145 2329 1146 2332 Ἴ

116 2365 193 2406 etse:
224 2368 297 2422 quoe
323 2354 481 2423 praescivit
508 2369 561 2422 per
587 2355 768 2414 vocationem
791 2353 990 2423 gratiaesuae
1011 2351 1108 2406 Fidem

116 2437 144 2486 et
164 2433 332 2486 charitatem
353 2431 521 2498 habituros,
544 2441 591 2486 eos
611 2431 853 2500 praedestinavit,
877 2437 909 2501 pt
930 2439 1031 2484 essent
1047 2445 1108 2485 con·

114 2512 218 2567 formes
239 2511 312 2567 Filio
335 2513 521 2591 su031taque
543 2512 618 2565 sicut
637 2509 710 2564 Filio
725 2511 927 2567 tribulationes
943 2509 1106 2580 cooperatae

115 2599 181 2644 sunt
203 2592 232 2643 in
254 2578 425 2654 bonum‚t
401 2593 444 2644 ita
462 2597 491 2642 et
503 2589 572 2644 illia
594 2589 834 2659 cooperabuntur.
877 2591 921 2643 lta
939 2591 966 2643 S
983 2590 1106 2659 Cyrillue

115 2669 194 2738 apud
214 2666 462 2724 Documenium‘
452 2685 483 2722 ιιι
503 2671 588 2725 hune
616 2671 729 2736 locum,
760 2672 786 2724 S.
809 2669 981 2724 Ambrosius
1007 2669 1060 2723 lib.
1082 2671 1105 2723 5

115 2747 241 2802 dalida
262 2749 369 2818 capi.
394 2751 421 2806 S.
443 2745 584 2819 Chryaost
586 2762 666 2803 ornus
688 2750 764 2804 hom.
787 2745 832 2804 ts.
862 2750 892 2802 in
922 2747 1046 2818 epistola
1072 2747 1106 2802 ad

115 2825 259 2884 Romanos
274 2836 310 2883 ‘et
330 2827 392 2883 alii.

174 2907 222 2960 Ad
254 2909 394 2963 rationem
429 2907 556 2978 denique
591 2907 797 2976 respondetur,
834 2908 925 2962 Deum
961 2907 1103 2960 intendore

114 2986 226 3058 gloriae
245 2989 448 3054 collationem,
477 3001 537 3040 non
559 2988 755 3057 simplicitem-
771 3001 826 3040 nec
847 2994 984 3056 tanquam
1006 3001 1103 3055 purum

114 3073 142 3118 st
164 3066 319 3135 gratuitum
341 3065 472 3133 donum
491 3066 542 3120 sed
557 3072 697 3136 tanquam
718 3066 880 3120 mercedem
903 3075 931 3127 et
952 3067 1102 3134 praemium

111 3145 395 3215 honorum'oparum
416 3153 445 3204 et
465 3147 647 3212 meritorum
671 3153 703 3202 ut
723 3148 874 3208 manitotte
895 3151 1014 3198 testatur
1034 3146 1102 3199 Sori-

112 3232 213 3292 ptura,
236 3227 420 3294 quaestoriis
441 3226 473 3278 in
494 3227 583 3291 locis,
613 3225 669 3278 sub
689 3225 807 3279 nomino
828 3223 968 3280 mercedis
990 3224 1101 3294 gloriam

113 3309 257 3358 aeternam
280 3303 418 3376 designat.
462 3303 547 3358 Unda
569 3302 817 3374 aequitunquod
838 3303 917 3360 Deus
936 3303 1050 3358 nullutn
1068 3301 1100 3356 ad

113 3395 176 3434 sam
198 3381 235 3434 ab
255 3391 370 3437 aeterno
392 3383 547 3441 efficaciter
569 3383 702 3454 elegerit,
725 3385 782 3437 nisi
804 3397 889 3454 quem
909 3381 1013 3438 bonis
1010 3385 1100 3452 operi·

112 3459 168 3512 bns
190 3466 220 3514 st
239 3461 326 3517 inali
341 3462 557 3530 perseverantia
579 3463 667 3516 illam
687 3465 912 3532 promeriturum
941 3475 1001 3518 esse
1026 3475 1100 3532 prae·

112 3537 200 3592 vidit.
826 3571 832 3576 -
940 3579 942 3584 .
959 3560 970 3578 =
