2304 3888
144 126 207 194 ato
497 139 788 188 musmuuortusaa

209 262 284 322 Huic
304 262 442 328 raritati,¹
457 275 532 332 quae
552 260 590 316 ds
609 259 682 318 Fiale
704 267 763 332 est,·
784 263 940 332 opperitur
960 279 1041 318 orror
1062 265 1146 319 Peta-

149 344 317 416 gianorum,
345 342 397 414 qui
423 337 473 410 (ut
499 341 586 398 refert
607 342 635 396 S·
655 341 839 412 Augustinus
857 341 911 396 lib.
926 341 954 396 3.
977 343 1014 398 de
1032 353 1145 414 manaa

149 422 260 478 meritis
280 435 314 478 sc
335 420 504 476 remissione
527 434 591 490 cap.
607 420 634 476 o.
662 427 691 476 et
716 419 770 476 lib
799 419 837 476 tie
857 420 1048 490 ermihsm,
1077 424 1146 478 hae-

149 501 208 558 resi
220 498 283 569 88.)
304 499 485 570 merebant,
505 515 610 572 pueros
631 500 745 556 nullum
766 515 803 556 cx
822 501 919 570 prime
938 509 1060 571 parante
1078 519 1148 572 pec·

150 588 245 636 catum
266 579 448 635 contrahere:
472 586 592 634 mortem
613 585 641 634 et
661 579 734 635 alios
755 578 1044 650 ejusmoditiaiectus
1056 583 1149 636 luisse

148 660 222 732 iners
242 659 274 714 iu
294 660 390 729 prima
409 659 553 718 erratione
573 659 736 728 naturales,
761 660 951 731 hominesque
979 662 1053 716 tales
1079 671 1147 730 post

149 737 258 794 Adsmi
278 746 428 810 peccatam
449 739 546 806 nasci,
575 737 675 808 quales
704 747 771 796 anta
796 739 890 808 ipsius
910 748 1064 808 peccatum
1083 743 1150 796 uati

150 819 301 886 inissentp
317 816 448 888 meoque
474 825 625 887 peccabam
651 817 729 874 iilud
757 817 865 873 Adami
891 820 1018 874 humano
1048 822 1150 891 generi

152 897 295 965 chiniaco,
317 912 374 952 nou
396 898 618 970 propagatione,
641 896 692 952 sat
713 897 861 967 exemplo,
884 905 1027 968 qnatenus
1041 901 1150 954 imitati

152 986 219 1034 suut
238 993 303 1034 aum
325 991 440 1042 omnes,
471 978 522 1046 qui
549 983 651 1046 postea
674 986 876 1046 paccamrnnt.
919 978 994 1032 Euio
1015 979 1151 1052 Pelagia-

151 1073 254 1114 nornm
273 1057 366 1112 errori
386 1063 488 1126 postea
512 1055 746 1124 subscripserunt
765 1055 956 1127 Albigenscs,
984 1057 1151 1128 Anabapti-

152 1144 212 1192 stae
233 1143 262 1192 ct
281 1135 350 1202 alti,
375 1136 426 1205 qni
440 1135 548 1190 uideri>
563 1145 683 1204 possunt
704 1134 784 1205 apud
804 1133 1012 1192 Bellarminum
1037 1145 1108 1192 tona.
1124 1138 1148 1190 4.

151 1214 379 1284 mamb

199 1303 239 1373 '22
271 1319 427 1374 Reiellitur
446 1320 494 1372 hic
516 1335 595 1373 error
616 1327 644 1374 et
670 1319 805 1389 opposita
830 1321 936 1374 veritas
964 1319 1151 1389 probaturi.

153 1416 190 1455 ex
211 1400 368 1470 Scriptura.
411 1399 457 1452 Pe.
474 1399 520 1453 50.
552 1400 624 1452 Ecce
652 1401 721 1452 enim
747 1401 776 1451 t'n
800 1399 986 1470 iniquitatibus
1009 1411 1151 1472 conceptus

152 1486 224 1542 aava,
256 1487 281 1531 et
309 1480 337 1531 in
355 1479 478 1548 peccatis
498 1480 618 1548 concepit
637 1495 679 1532 me
698 1483 784 1532 muter
803 1495 879 1533 meu.-
908 1489 981 1549 quae
1001 1480 1099 1534 verba
1120 1481 1151 1531 de

152 1564 270 1628 peccato
293 1557 429 1628 originali
452 1558 581 1626 explicat
602 1559 628 1612 S.
652 1559 830 1630 Augustinus
851 1559 883 1612 in
905 1560 1093 1613 enarratione
1122 1561 1150 1612 in

153 1639 249 1708 ipsum
271 1637 427 1692 Psalmum.
469 1635 551 1706 Rom.
575 1638 600 1690 5.
633 1637 688 1690 Per
711 1655 792 1690 unum
812 1639 942 1692 hominem
957 1647 1107 1708 pecccatum
1127 1641 1149 1690 in

154 1719 224 1770 lunc
243 1718 369 1770 mundum
390 1718 501 1769 intrauit
521 1725 569 1770 etc.
593 1718 620 1768 in
641 1729 692 1788 quo
714 1733 803 1770 manes
818 1724 1010 1787 peccauerunt.

214 1813 358 1868 Probatur
385 1811 411 1865 2.
449 1813 620 1868 authoritate
657 1813 782 1892 Concilil
817 1813 991 1868 Arausicani
1031 1813 1148 1868 secundi

154 1906 217 1947 can.
240 1891 268 1946 2.
298 1900 326 1946 et
347 1891 472 1946 concilii
498 1892 663 1950 Tridentini
692 1908 758 1948 sess.
783 1894 809 1946 5.
839 1907 902 1946 cau.
924 1891 951 1945 2.
980 1893 1014 1946 in
1045 1893 1148 1963 quibus

156 1971 304 2026 delinitum
333 1978 392 2040 est,
420 1987 471 2042 per
498 1973 586 2041 primi
610 1971 737 2026 hominis
757 1971 986 2026 inobedientiam
1010 1988 1071 2026 nou
1096 1981 1150 2026 tan·

154 2059 215 2106 tnm
236 2055 354 2106 mntem
375 2059 405 2105 et
423 2067 535 2121 poenas
552 2051 689 2120 nemoris,
711 2052 763 2105 sed
778 2052 866 2107 enam
883 2057 1038 2121 paccatum
1061 2049 1149 2122 (quoti

155 2138 197 2187 est
219 2146 294 2184 mora
316 2131 444 2200 animae)
465 2133 495 2184 iu
517 2142 601 2184 omne
622 2145 710 2200 genus
730 2131 886 2184 humanum
909 2131 1071 2185 transiisse.

216 2225 358 2285 Probatur
372 2226 400 2281 o.
423 2242 460 2281 cx
480 2227 507 2282 S.
532 2227 678 2296 Cypriane
699 2226 752 2282 lib.
769 2226 796 2281 3.
818 2226 910 2296 Epist.
925 2225 953 2280 8.
975 2227 1016 2282 ad
1036 2227 1148 2282 Fidum

154 2305 251 2378 Insunt
273 2303 398 2376 (inquit)
419 2323 511 2360 recens
532 2316 611 2363 nultus
631 2307 672 2360 nil
686 2308 819 2376 peccauit,
842 2307 988 2377 nisipuod
1008 2311 1147 2365 secuudua

155 2386 244 2440 Adam
265 2386 411 2440 carnaliter
432 2394 525 2447 nutus,
553 2387 706 2456 contagium
725 2387 818 2440 mortis
839 2388 966 2456 autiquae
981 2389 1084 2456 primu
1105 2405 1146 2475 aq

157 2467 261 2542 tivitute
282 2467 423 2520 contrcuit.
466 2464 503 2518 Et
523 2465 552 2518 S.
569 2465 724 2520 Ambrosio
745 2465 797 2520 lib.
821 2464 857 2522 dc
877 2465 1026 2536 Apologia
1046 2467 1126 2523 Davi

157 2561 180 2600 c.
199 2541 246 2600 ii.
276 2542 427 2616 Antequam
455 2561 599 2601 nuscumur
632 2543 785 2616 (inquit),
816 2546 981 2604 maurianus
1014 2463 1145 2694 mutauit]

157 2633 300 2694 antequam
320 2639 430 2680 usuram
451 2623 524 2688 lucis,
547 2625 661 2696 originis
682 2626 767 2694 psius
788 2626 932 2695 cacapimus
951 2626 1100 2693 injurium,
1129 2627 1135 2638 ‘

158 2705 300 2778 iniquitate
322 2705 493 2774 concupistur.
797 2747 801 2753 .
838 2757 841 2764 ⁴
1142 2741 1143 2803 i

217 2799 360 2860 Probatur
380 2799 408 2854 4.
431 2816 467 2856 ex
487 2815 538 2867 eo,
567 2801 646 2870 quod
666 2801 830 2870 Baptismus
851 2816 887 2855 ex
909 2799 1019 2856 Christi
1039 2803 1113 2856 insti

158 2881 237 2937 tione
258 2887 286 2934 et
305 2887 459 2950 praecepto
480 2881 660 2934 necessarius
681 2889 739 2946 cst,
762 2893 819 2937 nun
841 2879 933 2934 solum
956 2879 1086 2949 adultis,
1106 2809 1142 3021 a}

158 2961 244 3014 etiam
265 2959 442 3026 infantibus,
464 2966 496 3014 ut
517 2974 532 3012 e
552 2965 692 3029 potestate
708 2959 862 3014 *damonia
885 2959 1051 3028 eripiantur
1074 2969 1102 3014 et

158 3039 325 3094 missionem
345 3040 458 3107 peccati
485 3039 702 3108 percipiantur,
731 3047 764 3093 ut
789 3045 870 3108 patet
895 3055 932 3094 ex
960 3037 1110 3094 orationib

159 3131 231 3188 quas
239 3115 381 3185 Baptismi
393 3119 576 3173 Sacramenta
588 3117 720 3174 Ecclesia
740 3119 908 3188 praemittit.
938 3118 978 3172 At
989 3049 1140 3256 Baptisui

158 3211 216 3252 nou
239 3197 384 3250 confertur
402 3197 565 3252 iuiautibus
586 3199 616 3252 in
638 3199 836 3252 remissionem
857 3204 1041 3266 peecatorum
1060 3207 1104 3252 act

157 3275 249 3340 lium,
271 3288 344 3342 quae
366 3276 542 3332 committere
564 3293 621 3332 uon
643 3284 813 3348 potueruut,
832 3284 871 3344 ,et
894 3276 931 3331 ob
952 3289 1028 3347 qnae
1051 3279 1084 3332 in
1103 3287 1138 3349 pu

159 3359 261 3408 testate
289 3351 437 3408 mosis
465 3369 525 3410 esse
553 3355 613 3410 dici
641 3371 700 3412 non
725 3364 862 3426 possum:
895 3371 961 3426 ergo
987 3357 1137 3492 Baptisms

160 3429 246 3491 datur
266 3429 328 3486 iliis
350 3430 381 3484 in
402 3432 600 3490 remissionem
620 3435 745 3507 alicujus
765 3437 896 3505 peccati,
920 3434 1000 3506 quoti
1020 3451 1040 3490 a
1060 3436 1107 3506 pri

159 3515 279 3580 parente
298 3514 513 3566 contraxerunt.
879 3565 883 3573 ,
958 3559 960 3564 .
1133 3515 1136 3569 i
