2294 3892
146 146 210 230 {22
550 177 589 231 os
613 177 733 234 ouen

150 299 327 374 tripartitio
353 315 406 354 non
425 299 548 370 potttt'stc
563 300 742 374 praedm?
770 299 832 353 bine
851 300 1036 358 mnam.
1063 301 1123 350 etin

142 379 290 451 facilibus,
319 379 385 452 quid
411 395 535 449 agamus,
565 387 591 432 et
622 379 650 431 in
677 377 890 450 difficilioribus,
920 379 988 448 qnid
1009 386 1125 448 pannus.

150 459 283 530 Denique
304 474 387 514 serm.
403 458 459 521 iii„
481 458 517 512 de
540 457 691 527 Tempore.
731 457 791 512 Nec
810 457 887 514 Dens
906 458 1068 528 isnpmeibiie
1085 459 1127 512 cii-

150 540 215 610 qen'd
230 539 322 610 potnit
342 540 489 610 inperare,
513 539 579 610 quic
591 538 684 606 jum
704 546 759 606 crtf
780 555 833 608 nce,
849 539 1028 594 domam
1044 547 1079 592 set
1091 538 1128 588 ic

148 620 246 675 neten
261 636 316 690 pro
337 635 367 674 co
388 617 460 689 quod
478 635 532 674 non
546 621 637 688 potuit
658 619 763 688 citone,
781 619 849 690 pnic
863 620 931 689 pins
954 627 1003 672 est.

209 723 255 778 Ex
275 737 333 794 qao
353 721 458 777 ultimo
478 723 506 778 S.
521 723 680 795 Augustini
698 723 862 778 nsfimcnio
877 723 934 778 boe
948 729 1130 794 argumentum

150 803 318 870 conicitur,
346 817 405 872 quo
431 809 530 857 nostra
557 803 677 858 assertis
703 801 852 873 probatum.
893 801 929 856 lu
955 801 1038 874 quod
1055 815 1130 871 neque

142 881 295 955 justitiae,
325 895 418 952 neque
445 882 548 951 pietati
576 884 728 950 convenit,
748 881 818 937 ⁴‹iici
839 882 876 936 sis
896 881 962 937 Deo
983 881 1129 936 musterus

150 961 244 1018 debet.
279 962 372 1032 Atqui
392 975 489 1031 neque
502 960 635 1032 justitiae
657 963 807 1030 convenit,
826 961 1017 1032 impossibile
1038 956 1129 1030 aliquid

147 1042 334 1114 praecipere,
361 1055 417 1096 neo
442 1041 562 1112 pieta-ti,
591 1039 787 1096 acerbissimis
816 1041 975 1112 suppliciis
1004 1042 1127 1096 beminen

146 1121 292 1187 cruciare,
318 1134 374 1190 pro
401 1135 436 1175 eo
463 1121 543 1191 quoti
569 1124 662 1175 vitare
682 1137 741 1176 non
761 1121 872 1190 potuit,
901 1121 986 1192 quod
1006 1121 1079 1174 uuili
1096 1129 1128 1186 ty·

148 1215 239 1256 ranno
262 1201 447 1270 quantumvis
469 1199 582 1255 mudeii
603 1208 632 1256 et
647 1199 770 1254 immani
784 1215 912 1271 unquam
927 1201 1013 1255 venit
1026 1202 1057 1254 in
1070 1213 1129 1253 men·

147 1287 219 1336 tem:
248 1293 315 1350 ergo
341 1277 377 1352 (ie
399 1280 459 1334 Deo
480 1279 542 1336 eici
562 1293 620 1334 uon
643 1279 745 1346 elebat,
774 1281 852 1351 quod
877 1280 1075 1350 impossibilis
1091 1278 1128 1330 io

148 1361 222 1414 suini
250 1360 446 1428 praeceperit,
474 1365 524 1414 sui
553 1358 632 1429 quod
659 1360 805 1414 bominem
827 1361 954 1416 aeternis
977 1360 1074 1429 poenis
1090 1371 1129 1427 pu·

150 1440 213 1497 nint
232 1455 286 1508 pro
307 1455 341 1493 eo
362 1437 443 1510 quod
463 1439 555 1493 vitare
567 1440 762 1508 'nonpotuit
797 1439 882 1494 Unde
903 1453 1080 1509 consequens
1092 1447 1129 1489 est.

148 1517 288 1574 mandata
304 1519 361 1573 Dei
382 1535 440 1574 non
461 1533 523 1573 esse
550 1519 664 1576 bomini
690 1519 907 1588 impossibilia,
938 1519 1045 1589 illique
1068 1516 1130 1569 suii-

150 1598 273 1652 eieutem
295 1600 417 1670 gratiam
440 1597 504 1652 dari
525 1597 563 1651 ad
583 1597 718 1651 mandata
739 1598 794 1652 ilia
812 1598 1008 1669 exequenda,
1038 1593 1129 1668 quaudo

147 1675 201 1732 ilia
222 1678 327 1747 exequi
348 1683 476 1742 tenetur,
498 1681 528 1732 et
547 1693 607 1732 non
626 1677 798 1747 exequendo
816 1687 964 1748 peccaret.

207 1779 299 1834 Porro
327 1787 359 1834 ut
386 1781 473 1854 hujus
501 1790 615 1836 nostrae
644 1783 811 1841 assertionis
839 1783 948 1838 veritas
976 1783 1066 1837 adhuc
1082 1777 1126 1832 esi-

149 1860 265 1915 dentior
285 1859 350 1927 flet,
373 1859 586 1922 observandum
608 1871 667 1930 est,
690 1861 773 1916 illam
794 1863 842 1916 vel
863 1862 900 1917 dc
922 1853 1126 1929 bominibusju·

146 1941 215 2006 atis,
244 1940 291 1993 vel
313 1937 348 1996 de
369 1941 423 2008 iis,
452 1941 504 2011 qui
533 1949 600 1996 sunt
619 1941 651 1996 in
673 1949 750 1996 statu
770 1944 884 2012 peccati
904 1941 1037 2014 intelligi
1054 1951 1125 2012 posse.

145 2017 181 2076 st
202 2017 237 2074 de
254 2019 360 2090 justis,
381 2017 415 2074 iti
435 2021 614 2090 apertissime
630 2029 757 2088 constat,
780 2027 840 2076 tum
855 2038 892 2076 ex
907 2021 1052 2087 omnibus,
1070 2029 1126 2088 quae

148 2099 180 2154 in
209 2098 271 2170 ejus
297 2101 500 2169 probationem
529 2099 619 2156 allata
647 2109 730 2166 sunt,
760 2108 820 2154 tum
849 2104 978 2156 maxime
1008 2117 1042 2154 ex
1060 2110 1127 2165 supra

147 2177 238 2234 citata
260 2179 386 2234 Goucilii
410 2179 541 2234 Trident.
565 2175 755 2250 authoritate,
784 2179 836 2233 ubi
863 2180 895 2234 id
921 2181 1063 2252 expressis
1080 2190 1127 2227 ver-

148 2259 194 2313 bis
214 2257 368 2327 ,definitum
389 2268 440 2313 est.
483 2259 515 2313 Si
536 2276 603 2316 vero
626 2259 661 2314 de
678 2261 738 2326 ¹iis,
764 2261 814 2332 qui
836 2262 954 2314 suntin
980 2268 1053 2314 statu
1070 2271 1126 2310 mor·

146 2339 216 2394 talis
243 2340 371 2408 peccati,
401 2336 433 2393 id
462 2340 548 2393 etiam
569 2345 649 2408 patet
669 2345 729 2394 tum
751 2355 787 2392 ex
810 2339 837 2392 S.
853 2341 1038 2411 Augustino,
1064 2333 1126 2404 cujus

149 2419 274 2474 rationes
303 2433 392 2488 aeque
419 2418 545 2488 probant
574 2417 609 2472 tie
637 2417 841 2488 peccatoribus
870 2427 955 2491 atque
989 2419 1025 2473 de
1048 2413 1125 2490 justis

147 2504 265 2552 tum'ex
287 2497 459 2552 authoritate
482 2497 610 2553 concilii
630 2497 805 2555 Arausioani
835 2497 1019 2554 definientis:
1050 2510 1127 2550 sectu-

147 2579 209 2631 dum
224 2575 316 2629 Fidem
337 2579 494 2631 catholicam
515 2579 676 2631 credendum
697 2595 768 2642 erec,
791 2594 882 2630 omnes
897 2579 1049 2650 baptizatos
1063 2571 1125 2628 utri-

55 2706 63 2716 ,
146 2667 187 2710 stc
209 2655 356 2710 ausiliante
378 2666 403 2710 et
424 2667 597 2727 cooperante,
621 2675 690 2728 qnae
711 2659 748 2710 cd
768 2657 881 2711 salutem
895 2661 1044 2728 pertinent,
1060 2666 1124 2725 posse

145 2745 173 2789 et
194 2737 303 2800 debera
326 2737 351 2790 st'
362 2737 485 2806 fideliter
506 2739 632 2792 laborare
654 2737 750 2802 velint,
774 2739 930 2808 adimplere.
975 2739 1046 2792 (ium
1065 2731 1124 2786 euim

147 2818 223 2870 inter
250 2816 412 2884 baptizatos
440 2817 562 2886 plurimi
589 2817 769 2886 reperiantur
792 2812 907 2886 peccati
927 2817 1055 2872 mortalis
1073 2807 1124 2864 labe

146 2896 310 2966 inquinati,
342 2909 401 2950 non
430 2904 476 2964 est
504 2895 642 2962 dubium,
671 2895 746 2966 quin
778 2909 858 2950 mens
891 2895 1019 2952 Conoiiii
1048 2889 1122 2950 fuerit

147 2975 234 3028 etiam
256 2973 324 3030 iilos
345 2976 376 3029 in
399 2972 542 3046 ejusmodi
564 2982 640 3028 statu
660 2976 774 3044 peccati
795 2992 844 3046 ea,
869 2991 941 3046 quae
963 2973 1120 3029 adsalutem

146 3055 308 3122 portinent,
336 3067 421 3124 posse
441 3061 477 3130 vet
504 3053 624 3120 debere,
655 3055 680 3110 ai
702 3055 814 3110 Christo
838 3055 999 3109 auxiliante
1020 3049 1121 3107 fideliter

146 3134 295 3201 cooperari
322 3135 484 3202 voluerint,
514 3131 690 3206 adimplere,
720 3150 754 3188 ac
780 3135 902 3204 proinde
933 3136 1051 3206 gratiam
1074 3123 1119 3180 illis

143 3211 337 3266 sufficientem
364 3213 455 3268 tribui
485 3212 522 3267 ad
550 3213 692 3268 servanda
721 3213 822 3270 divina
848 3213 999 3281 mandata,
1028 3203 1117 3281 quando

146 3301 204 3342 non
227 3291 368 3344 servando
390 3300 552 3362 peccarent.

171 3380 174 3389 '
205 3380 312 3444 Verum
339 3393 410 3447 haec
439 3395 539 3450 endem
567 3403 683 3452 nostrae
711 3401 879 3457 assertionis
911 3399 1016 3454 veritas
1043 3381 1118 3464 quoni

144 3475 307 3536 peccatores
328 3471 443 3538 plenius
465 3473 561 3547 adhuc
589 3475 734 3544 constabit
763 3493 800 3542 en
827 3477 882 3546 iis,
911 3492 983 3548 quw
1011 3463 1119 3544 fliium

145 3545 275 3598 sectione
296 3545 403 3604 dicturi
424 3563 531 3606 sumus.
