2332 3880
142 183 185 252 22
574 203 705 251 neem

206 321 371 382 secundun
393 333 452 391 cat,
479 323 557 378 nihil
583 325 703 394 propris
726 324 873 394 loquendo
894 325 964 382 seiri
984 341 1072 395 posse
1092 342 1139 396 per

146 401 264 469 ocem,
293 403 344 458 sed
364 412 475 461 tanturn
497 404 593 471 eredi3
620 404 690 460 lieet
711 403 835 460 diversis
860 404 981 470 medin„
1009 403 1138 476 ejusden

146 483 277 540 veritatis
299 483 409 552 duplex
429 484 533 540 notitia
552 485 583 541 in
605 483 704 540 eodem
726 483 876 548 intellectu
897 485 989 554 pcaait
1003 487 1137 554 reperiri:

146 577 204 622 usa
224 561 348 619 obscura
367 578 420 634 per
441 563 561 634 Fidem,
588 562 680 620 cltera
694 563 829 620 'evidens
848 577 901 634 per
922 562 1138 620 demonstratio·

145 657 210 696 nem
238 643 443 710 scientificam3
472 657 530 714 qno
557 649 643 712 pacto
669 660 697 697 v.
720 660 746 715 g.
772 652 799 697 et
821 643 964 698 credimus
985 652 1013 700 et
1035 645 1137 708 animoa

146 736 208 778 ease
237 737 327 780 nncnr
359 722 657 792 Dsom31credimasn
688 723 760 793 osia
785 721 936 794 Scriptura
963 721 1137 788 credendum

143 802 297 872 proponit3
318 803 441 868 ecimus,
463 802 542 872 quia·
554 803 681 858 naturali
692 803 813 858 ⁴ratione
827 802 1020 862 demonstrari
1038 811 1138 874 potest.

203 880 333 938 'Pontium
362 889 419 947 est,
449 881 525 938 ister
552 879 626 940 haec
652 879 711 938 duo
738 880 835 938 necis
862 881 1039 953 cognitionis
1067 883 1136 936 hanc

140 976 205 1018 asae
227 961 437 1027 differentiam,
458 957 539 1031 quod
559 962 686 1032 cognitio
707 976 759 1032 per
779 962 930 1020 scientiam
951 962 1074 1016 evidens
1095 962 1136 1026 sit,

144 1039 270 1112 cognitio
291 1055 360 1096 vero
380 1056 434 1110 por
453 1040 573 1108 Fidem,
594 1041 728 1111 quamvis
750 1039 872 1096 obseura
893 1041 944 1108 ait,
964 1041 1136 1096 certitudine

143 1128 240 1177 tmen
261 1128 290 1178 et
308 1117 522 1178 infallibilitate
541 1121 713 1188 annositas,
733 1135 799 1177 cnm
819 1122 948 1176 maxime
961 1129 1040 1177 certo
1056 1129 1085 1176 et
1096 1121 1135 1176 in-

143 1198 268 1256 fallibili
288 1197 476 1256 fundamento
497 1201 625 1266 nitatur,
651 1213 757 1269 nempe
777 1200 954 1257 revelatione
976 1208 1004 1259 at
1024 1207 1135 1258 attesta-

143 1280 222 1334 tione
243 1277 354 1334 divina.
390 1278 474 1334 Unde
489 1280 518 1336 8.
535 1281 661 1334 'lhornaa
676 1277 703 1332 2.
725 1277 754 1334 2.
777 1295 805 1350 q.
820 1279 847 1334 t.
869 1297 895 1336 a.
910 1279 940 1336 8.
961 1281 999 1336 ad
1013 1280 1042 1336 a
1060 1279 1135 1343 dicit,

142 1357 290 1416 hominem
317 1371 378 1412 ease
407 1361 557 1417 certiorem
585 1359 621 1413 de
648 1373 701 1425 eo,
727 1357 805 1429 quod
832 1359 917 1416 audit
943 1376 963 1414 a
980 1361 1060 1428 Deo,
1090 1357 1132 1427 qui

141 1436 209 1495 ialli
228 1452 285 1494 noa
308 1444 417 1506 potest,
440 1455 527 1508 qnam
548 1441 584 1494 de
601 1454 655 1506 ac,
676 1438 758 1507 qnod
777 1439 858 1494 videt
877 1442 1002 1510 propria
1018 1439 1131 1500 ratione,

142 1531 215 1590 quae
236 1515 302 1577 falli
321 1523 425 1586 potest.

222 1713 225 1718 -
472 1670 540 1739 SE
556 1671 583 1738 C
598 1672 627 1737 Τ
641 1671 658 1736 l
674 1672 704 1738 O
741 1673 802 1738 lIl.

217 1789 273 1848 An
292 1787 407 1848 divim
423 1789 586 1850 melane
605 1789 726 1852 debut
744 1803 819 1850 esea
836 1787 986 1864 publica,
1003 1793 1062 1850 vei

565 1861 708 1932 privata.
742 1891 744 1896 ,

200 1989 225 2049 1.
267 1990 432 2048 Notandum
453 1998 512 2058 est,
541 1993 749 2050 revelationem
777 1993 860 2051 illam
888 1992 948 2050 dici
976 1991 1131 2063 publicam,

137 2085 212 2143 quae
233 2069 387 2142 Prophetis
417 2077 444 2126 et
464 2071 614 2140 Apostolis
643 2089 661 2126 a
682 2071 743 2132 Deo
770 2073 846 2131 taeta
867 2080 909 2128 eat
929 2089 983 2143 pro
1004 2079 1065 2128 tots
1084 2071 1130 2124 Eo

107 2222 109 2231 Ι
138 2151 250 2218 cleaia‚.
265 2159 294 2205 et
312 2165 366 2222 per
387 2157 477 2207 totum
491 2150 592 2208 orbem
607 2151 773 2223 publicata,
794 2153 940 2222 privatam
953 2167 1040 2222 vero,
1063 2163 1129 2222 qnae

137 2231 228 2294 alicui
247 2245 387 2302 personae
407 2232 540 2302 privatae
560 2231 600 2286 tit
717 2259 728 2294 π,

196 2310 257 2368 Hoc
280 2317 454 2382 praenotato
483 2325 583 2366 aeneus
611 2311 790 2383 quaestionis
818 2309 930 2381 duplex
950 2327 1010 2370 esse
1032 2315 1129 2382 potest

138 2388 164 2446 1.
193 2390 242 2447 An
262 2390 404 2459 sufficiat,
426 2391 633 2446 revelationem
653 2391 737 2448 illam
759 2389 911 2458 divinant
929 2405 1004 2462 quae
1026 2391 1066 2445 ad
1085 2387 1128 2444 ob·

132 2467 243 2542 jectum
263 2470 385 2526 formale
404 2470 486 2528 Fidei
505 2469 647 2540 pertinet,
669 2485 730 2525 ease
750 2469 900 2540 publicam
922 2479 951 2526 et
967 2471 1022 2528 toti
1036 2469 1128 2526 Eccle-

136 2550 197 2608 aiae
224 2542 351 2608 ruenni
392 2550 440 2604 An
469 2565 538 2604 vero
558 2557 708 2619 praeterea
728 2552 846 2618 privata
863 2551 964 2622 aliqua
983 2547 1127 2612 revelatio,

136 2627 296 2698 unicuique
317 2628 496 2683 credentium
518 2629 610 2696 iacta,
632 2621 818 2699 requiratur?
858 2628 886 2684 2.
919 2631 982 2699 An,
1004 2631 1031 2686 si
1053 2629 1127 2686 dart·

135 2713 182 2765 tur
201 2707 303 2778 aliqua
322 2707 461 2762 revelatio
480 2708 613 2779 privata,
641 2709 697 2764 ille
723 2709 787 2765 sola
813 2709 945 2766 sufficere
972 2718 1071 2780 posset
1093 2702 1125 2759 ad

136 2787 257 2844 formale
278 2785 423 2857 objectum
444 2785 526 2842 litei
545 2781 796 2856 supernaturalisi
827 2789 883 2844 Pro
905 2788 988 2862 eujus
1002 2785 1125 2861 duplicis

136 2867 314 2938 quaestionis
337 2866 512 2925 resolutione
539 2909 542 2920 .

195 2947 222 3000 2.
259 2945 423 3002 Dicendum
438 2943 464 3000 i.
486 2945 637 3016 publicani
658 2948 863 3005 revelationem
884 2949 1015 3004 sufficere
1027 2948 1075 3002 -ad
1087 2960 1124 3002 ra·

134 3027 243 3084 tionem
263 3025 373 3097 objecti
395 3025 524 3080 formalia
544 3024 643 3092 Fidei,
670 3039 790 3096 eamque
811 3029 935 3099 siugulis
956 3029 1124 3086 sufficienter

133 3105 279 3177 applicari
297 3120 350 3174 per
370 3105 525 3176 Evangelii
545 3105 792 3175 praedicationem
814 3114 842 3162 et
861 3107 1009 3164 Ecclesiae
1031 3105 1123 3163 autho

131 3179 262 3254 titct'em,
286 3199 339 3238 nec
359 3199 433 3253 opus
454 3199 515 3240 esse
536 3185 599 3240 nlla
620 3187 681 3243 alia
700 3185 823 3255 privata

193 3264 272 3320 Haeo
299 3265 418 3320 assertio
446 3264 483 3322 ce
509 3263 578 3320 Fide
604 3274 648 3323 est
675 3272 774 3321 contra
796 3266 989 3333 Calvinistas,
1018 3269 1069 3338 qui
1094 3263 1120 3315 in

132 3343 261 3400 noento
277 3341 305 3396 4.
336 3345 529 3402 confessionis
554 3344 636 3402 Fidei
662 3359 733 3403 suae
757 3347 945 3416 profitentur,
977 3361 1007 3402 ae
1034 3345 1120 3400 libros

130 3421 299 3490 Scripturas
321 3424 475 3480 canonicos
497 3440 515 3477 a
533 3425 764 3483 concanonicis
786 3425 973 3498 dignoscere,
995 3441 1053 3484 non
1069 3431 1120 3480 ton

132 3501 281 3558 communi
298 3502 447 3560 Ecclesiae
468 3518 625 3573 consensu,
648 3519 741 3578 ¹quam
762 3505 894 3562 interiori
914 3503 1078 3564 stonense
1095 3503 1118 3554 ti

131 3579 265 3636 suasione
285 3582 413 3652 spiritus
434 3583 535 3641 sancti.
580 3636 585 3644 ,
774 3603 778 3612 “
