2324 3886
129 183 191 254 118
565 203 683 248 nanno

131 323 252 381 dirim
276 323 550 394 praedestinationis
577 337 684 378 aroana
711 331 857 394 speetant,
887 321 1037 377 humiliter
1064 339 1135 391 pro-

132 404 274 460 fitendum
301 411 358 470 est,
385 403 473 475 hujus
499 403 633 458 torrentis
655 417 744 474 aquas
764 403 806 458 its
825 401 984 472 profundae
1006 408 1037 456 et
1057 403 1134 458 altas

132 499 212 552 esse,
242 489 276 538 nt
304 483 487 538 transvadari
513 483 630 537 omnino
656 497 714 537 non
742 483 864 552 possint
913 481 997 538 Unde
1026 483 1134 536 merito

133 563 277 620 exclamat
297 563 456 634 Apostolus
476 561 558 617 Rom.
576 561 622 617 ii.
660 562 684 616 0
704 563 819 616 1111111110
839 561 993 618 divitiam
1015 564 1134 632 sopien-

133 646 189 700 ttae
216 653 242 698 et
268 644 397 698 scientiae
421 643 494 696 Dei!
522 659 603 713 paean
632 643 910 712 incomprehensibilia
936 649 998 696 sont
1018 643 1135 710 jndicio

134 725 209 794 a'ost
229 732 279 780 ete.
312 722 383 778 Ideo
392 721 480 794 juxta
493 723 647 778 eonsilium
662 720 792 794 ejusdem
804 722 941 792 Apostoli
962 719 988 778 i·
1002 721 1070 775 Cor.
1087 720 1133 775 10.

133 805 347 874 nosmetipsos
368 801 547 872 nobisipsis
568 803 734 872 metientes,
761 803 794 855 in
815 803 869 856 hoe
889 799 1135 872 praedestinatio-

134 884 180 938 nis
201 883 317 956 negotio
337 879 525 951 procedemus
547 881 704 936 seeundum
726 895 888 936 mensuram
910 881 1045 952 regulae,
1079 893 1137 950 qna

135 977 250 1019 mensus
272 969 314 1017 est
334 959 419 1015 nobis
434 961 520 1027 Deus,
542 957 647 1028 idest,
669 975 765 1016 earnm
786 961 954 1032 praesertim
976 960 1137 1014 veritatum

135 1043 269 1097 notitiam
289 1041 339 1096 hic
359 1041 556 1110 inquiremus,
585 1057 656 1111 quas
679 1041 756 1094 Deus
782 1041 847 1110 ipse
875 1039 1004 1094 revelare
1034 1047 1065 1092 et
1088 1055 1139 1108 per

136 1121 298 1176 iieolssmm
319 1133 481 1189 proponere
503 1120 612 1186 votuit3
640 1128 752 1174 caetera
779 1121 877 1174 omnia
905 1119 967 1190 ejus
989 1119 1138 1172 inserntn·

139 1199 197 1255 bili
218 1200 394 1270 sapientiam
416 1207 444 1253 et
464 1197 808 1268 innomprehensibilibus
825 1199 948 1270 judiciis
967 1198 1140 1268 relinquen·

139 1287 198 1347 ies,
226 1294 367 1336 memores
394 1279 477 1333 illins
504 1280 582 1334 effati
610 1279 801 1334 asalomoue
823 1280 906 1334 Pror.
929 1278 976 1334 25.
1008 1279 1139 1347 prolati:

70 1389 78 1416 e
142 1357 288 1422 Quoiam,
311 1359 357 1428 qai
377 1367 512 1413 tantatos
532 1367 572 1412 eat
591 1357 755 1428 majestatie,
778 1361 943 1430 opprimente
963 1377 984 1414 a
1000 1357 1107 1427 pior-io

487 1585 513 1654 S
527 1587 556 1650 E
572 1586 600 1653 O
614 1585 643 1652 Τ
658 1586 720 1653 ΙΟ
762 1587 789 1652 Ι.

177 1711 265 1788 Quid
290 1711 634 1840 praedestinationisb
648 1713 728 1786 quid
753 1716 834 1772 item
859 1711 1110 1786 reprobationis

310 1851 312 1858 y
413 1784 546 1840 nomine
571 1783 612 1840 de
635 1785 692 1842 sat
715 1781 865 1854 intelligi.

206 1913 231 1968 i.
254 1913 498 1982 Praedestinatio,
521 1916 546 1970 si
567 1915 628 1969 vim
648 1915 774 1970 nominis
795 1923 920 1985 speetes,
943 1913 1022 1968 idem
1044 1921 1092 1968 est
1114 1929 1144 1967 ao

143 1993 319 2066 praecedens
348 1993 512 2050 destinatio.
555 1995 707 2050 Destinare
734 2002 830 2050 antem
858 2001 916 2065 est,
948 1993 995 2047 vel
1025 1992 1145 2064 aliquid

143 2075 262 2130 omnino
290 2074 368 2143 apud
395 2091 425 2128 se
452 2081 595 2142 statuere,
622 2075 669 2128 vei
698 2075 745 2142 (ut
766 2075 838 2128 dioit
859 2075 887 2128 S.
911 2072 1039 2127 Thomas
1063 2088 1096 2142 p.
1122 2073 1143 2127 i.

144 2169 173 2225 q.
187 2153 236 2209 113.
259 2167 283 2208 a
303 2151 344 2226 1.)
365 2153 481 2224 aliquid
500 2153 532 2206 in
554 2155 639 2208 tinem
661 2153 882 2225 designassent
903 2153 1114 2208 transmittere.

205 2232 300 2304 Hujus
326 2239 421 2290 antem
447 2230 527 2287 voeis
549 2234 592 2287 sio
612 2233 776 2288 intellectae
798 2234 877 2303 apud
898 2233 945 2287 SS.
967 2232 1074 2286 Patres
1098 2233 1145 2286 du·

143 2314 216 2384 pier
237 2314 368 2382 acceptio
387 2313 544 2368 invenitur.
587 2313 653 2368 Une
673 2315 733 2368 iata
754 2321 782 2367 st
803 2315 898 2370 minus
923 2312 1065 2382 propria,
1095 2327 1145 2384 pro

144 2391 328 2448 ordinatione
349 2394 502 2448 rationalis
523 2401 670 2447 creaturae
691 2393 768 2448 iaota
796 2407 812 2446 a
833 2394 893 2448 Deo
920 2393 952 2446 in
982 2393 1148 2462 quemlibet

144 2473 247 2540 inem,
277 2473 390 2526 sivein
411 2472 637 2538 beatitudinem,
666 2473 728 2525 sive
753 2472 786 2526 in
811 2473 1036 2526 damnationem.
1086 2470 1147 2540 Quo

144 2567 232 2608 sensu
254 2552 326 2606 dicit
348 2553 374 2605 S:
397 2552 577 2622 Augustinus
601 2551 654 2604 lib.
678 2551 724 2606 15.
752 2551 787 2606 de
810 2551 896 2606 Civit.
925 2565 988 2619 nap.
1015 2550 1041 2604 1.
1076 2553 1146 2607 eivi-

145 2635 232 2686 ietem
254 2631 310 2684 Dei
330 2645 390 2686 esse
411 2630 655 2700 praedestinatam
678 2629 877 2706 adglorians,
906 2631 1059 2685 eivitatem
1083 2645 1147 2685 vero

145 2709 261 2766 diaboii
289 2709 326 2763 ad
352 2712 448 2782 ignem
477 2716 622 2766 aeternnm
651 2722 712 2764 esse
739 2711 992 2780 praedestinatam.
1045 2712 1148 2764 Altera

149 2791 250 2845 rtriota
270 2798 298 2846 et
317 2785 522 2860 propria‚'pro
538 2790 600 2844 soia
621 2788 805 2844 ordina-tione
827 2789 976 2844 rationalis
999 2799 1149 2846 creaturae

148 2869 193 2924 ad
206 2869 415 2924 beatitudinem
437 2877 465 2923 et
486 2872 574 2927 vitam
597 2866 750 2924 neterriam.
799 2869 837 2924 Et
857 2883 890 2925 eo
912 2882 999 2922 sensu
1021 2885 1149 2924 eommu-

150 2949 306 3003 nitentum
328 2951 359 3002 in
381 2949 555 3018 seripturis,
587 2957 645 3003 tum
674 2947 752 3018 apud
775 2950 822 3004 SS.
845 2949 943 3004 Patres
966 2951 1045 3004 sumi
1067 2950 1148 3013 solet,

149 3033 183 3081 ut
204 3043 240 3083 ex
260 3028 392 3084 dicendis
413 3028 533 3098 patebit.

212 3107 284 3162 Cum
305 3115 401 3162 autem
422 3109 493 3163 haee
519 3107 621 3162 divina
648 3107 793 3164 ordinatio
821 3110 859 3162 sit
886 3109 922 3162 ab
951 3115 1085 3173 aeterno,
1115 3121 1149 3159 ae

104 3230 107 3246 ,
151 3185 276 3256 proinde
307 3202 390 3242 omne
421 3195 534 3257 tempus
563 3187 735 3258 praecedat:
771 3187 838 3241 ideo
872 3187 1089 3257 praeordinatio
1121 3194 1151 3240 et

151 3263 378 3334 praedestinatio
411 3267 534 3331 dieitur,
566 3267 607 3322 ita
635 3275 667 3322 ut
693 3268 839 3336 particula
860 3284 932 3336 prae
959 3267 1037 3321 nihil
1066 3265 1151 3319 alind

154 3343 313 3413 significet,
343 3354 428 3414 quam
458 3348 682 3400 antsteaaiooem
710 3345 872 3403 durationis
899 3362 950 3400 sen
972 3345 1152 3400 aeternitatis

155 3420 192 3474 ad
213 3429 341 3490 tempus,
362 3430 395 3476 ut
417 3423 499 3478 docet
520 3427 637 3478 Aleusis
657 3433 740 3494 parte
756 3425 781 3480 i.
798 3433 906 3496 quaest.
921 3423 969 3480 28.
984 3425 1102 3480 membr.
1118 3423 1152 3478 8.

158 3497 354 3556 Gemaohaens
382 3501 414 3554 in
437 3509 519 3570 parte
542 3503 568 3556 i.
591 3509 700 3572 quaest.
722 3504 769 3559 2⁵.
793 3519 816 3558 e.
842 3502 867 3559 1.
910 3503 1083 3560 isembertus
1111 3502 1158 3557 ad

132 3609 138 3624 ι
155 3578 277 3634 eandem
298 3585 407 3650 quaest.
430 3577 506 3648 disp.
522 3578 548 3634 i.
564 3587 624 3635 art.
641 3581 666 3636 1.
689 3583 789 3636 etalii
817 3584 1015 3638 communiter.
1064 3579 1155 3637 Unde
