2324 3886
126 123 190 191 tot
563 139 600 182 or
615 138 684 186 nno.

131 296 135 306 .
184 259 213 314 a.
256 257 423 330 Objiaiebat
452 257 628 314 lorinianus
662 255 832 330 parabolam
864 258 1068 326 operariorum
1102 256 1127 310 S.

128 339 229 400 Meam.
245 335 293 394 111
316 336 439 408 quibus,
472 335 866 408 licetinasqasli-tenpore
884 344 914 390 et
935 335 1039 392 labora
1064 351 1130 405 ope

127 417 276 485 nutibus,
299 417 429 488 aequalis
450 431 559 472 meroes
580 415 669 472 unius
689 415 803 474 denarii
823 413 938 472 reddita
957 421 1014 470 est.

133 539 138 546 ·
187 513 389 585 Respondetur
409 524 474 567 oum
491 513 698 583 §.Augustino
720 525 803 568 serm.
819 511 867 567 11.
890 509 926 566 de
941 511 1026 566 verb.
1043 513 1128 569 Donn.

127 593 206 650 otis·
224 591 509 664 per-'aequalitatem
537 585 651 646 denarii
675 592 783 663 unique
811 593 1011 662 operariorum
1038 593 1129 650 soluti

127 672 347 745 intelligendam
374 687 438 726 esse
463 671 668 742 aequalitatem
690 671 851 726 damtionis
873 669 908 724 in·
924 670 1128 727 beatitudines

128 754 199 808 baut
211 753 290 808 enim
305 753 336 806 in
351 749 486 806 omnibus
501 757 617 804 oeterna
630 752 728 805 lutura
739 758 799 804 est.
838 749 897 804 vel
918 764 984 804 oum
1007 751 1036 804 S.
1057 751 1130 807 'l'bo

126 831 263 890 111111.
285 833 355 901 qia
377 829 468 884 arab
491 829 718 900 perdonatione
738 829 867 902 intelligi
888 827 1038 900 objectum
1063 831 1130 886 bes-

127 911 279 978 titudinis,
309 909 387 980 quod
413 909 444 964 in
473 923 503 963 se
530 923 620 964 unum
646 909 784 982 idemque
810 917 854 965 est
873 925 928 979 pro
945 923 1130 982 unoquoque

127 991 295 1056 beatorum,
318 989 431 1044 scilieet
450 990 575 1042 essentia
590 987 706 1056 divino,
729 1003 803 1058 quae
822 988 922 1043 eadem
936 988 973 1042 ab
990 989 1131 1046 omnibns

129 1072 206 1126 elare
227 1068 383 1124 videbitur.
427 1067 505 1134 Quae
527 1077 621 1122 tamen
644 1069 803 1140 aequalitas
825 1068 986 1124 durationis
1010 1069 1132 1124 veleb

123 1149 199 1226 jeetl
218 1164 276 1204 non
297 1145 421 1218 impedit
439 1147 676 1218 inaequalitatem
690 1149 814 1202 visionis
828 1156 857 1202 et
870 1148 1020 1202 fruitionis
1036 1148 1131 1220 ipsius

129 1228 255 1301 objecti,
276 1244 330 1300 pro
345 1227 456 1284 ratione
470 1227 669 1297 inaequalium
683 1227 849 1282 meritorum
865 1226 1025 1299 cujuslibet
1040 1228 1130 1284 beati.

128 1307 259 1374 Etenim,
289 1314 322 1360 ut
342 1315 418 1360 reete
440 1305 523 1362 dooet
544 1305 573 1360 S.
589 1307 714 1362 Thomas
735 1323 764 1376 p.
782 1305 807 1360 l.
831 1322 858 1378 q.
876 1305 921 1360 12.
944 1315 999 1360 art.
1016 1307 1047 1362 6.
1072 1309 1130 1374 ille,

130 1388 181 1460 qni
202 1386 270 1457 plus
290 1385 425 1440 babuerit
446 1383 481 1440 de
504 1386 638 1452 caritate,
660 1386 728 1455 plus
750 1385 938 1480 participabit
960 1385 997 1440 de
1018 1387 1132 1442 lumine

123 1467 255 1538 posiae,
277 1481 313 1522 ex
334 1465 417 1538 ouJ'us
437 1465 562 1535 proinde
584 1465 688 1537 majori
710 1466 757 1522 vel
778 1467 886 1521 minori
906 1467 1078 1522 intensione
1094 1483 1133 1521 se

129 1545 257 1608 eundum
285 1553 413 1603 mentem
438 1546 465 1599 S.
488 1545 621 1601 Doctoris
648 1545 783 1626 provenit
813 1544 922 1616 major,
957 1545 1009 1598 vel
1038 1548 1134 1602 minor

128 1625 267 1698 perfeetio
290 1625 412 1681 visionis
433 1624 593 1682 beatificae

157 1728 255 1785 *d
298 1725 509 1784 Dicendumb.
538 1729 609 1783 lieet
635 1728 729 1798 aliqui
754 1729 833 1783 beati
855 1729 947 1784 Deum
968 1731 1133 1798 persentias

129 1822 215 1882 qnam
235 1809 289 1863 alii
310 1809 446 1874 videant,
469 1808 583 1863 nullum
606 1815 702 1862 umen
724 1803 843 1864 illorum
864 1808 998 1866 altiorem
1021 1811 1135 1882 gloriae

128 1887 246 1962 gradum
275 1889 457 1956 desiderare,
491 1887 542 1942 sed
570 1901 669 1972 omnes
697 1888 788 2012 gradu
817 1887 875 1942 sibi
903 1902 1044 1945 concesso
1075 1903 1135 1946 esse

128 1975 285 2024 contentos.
349 1975 354 2006 ἴ
384 1999 387 2006 1

186 2064 221 2119 ld
248 2073 361 2121 constat
388 2073 448 2118 tom
475 2079 512 2118 ex
535 2079 591 2131 eo,
618 2061 699 2133 quod
727 2005 875 2134 Propheta
902 2063 998 2118 dixit
1013 2065 1063 2120 Pe
1090 2065 1134 2122 lu.

127 2146 271 2208 Sotiobor,
302 2162 360 2198 com
381 2145 542 2214 opposuerit
560 2143 651 2212 plotio
672 2153 734 2207 uso,
765 2150 826 2196 tum
850 2141 936 2196 etiam
957 2146 1135 2201 eiuratione

126 2225 221 2298 ipsius
248 2223 455 2289 beatitudinis,
485 2238 559 2293 quae
587 2237 650 2278 eum
679 2225 711 2278 in
732 2237 907 2298 unoquoque
927 2221 1033 2292 beato,
1065 2226 1136 2282 licet

126 2304 308 2376 inaequalis,
331 2304 368 2358 ait
390 2311 484 2359 tamen
507 2317 558 2358 sno
580 2300 666 2358 modo
682 2317 738 2378 per
741 2303 831 2368 f,eota
853 2301 995 2374 requirit,
1017 2313 1052 2358 ut
1070 2307 1135 2376 ipse

126 2383 229 2440 beatus
251 2386 289 2441 sit
310 2391 460 2439 contentus
482 2389 511 2436 et
530 2382 669 2448 satiatus3
692 2382 765 2460 alias
780 2396 838 2436 non
853 2388 926 2438 esset
940 2396 1008 2438 vere
1024 2391 1055 2438 et
1068 2401 1137 2456 per-

127 2465 201 2518 feeto
221 2462 339 2531 beatus,
361 2465 396 2535 si
408 2459 529 2532 aliquod
549 2462 689 2516 bonum
680 2462 738 2536 rpsi
745 2453 888 2528 deesset,
910 2461 992 2530 quod
1012 2465 1137 2536 assequi

91 2605 94 2616 ¹
129 2549 249 2614 optaret.

187 2637 272 2695 Unde
301 2644 395 2692 autem
423 2637 592 2706 proveniat,
625 2643 656 2690 ut
682 2637 881 2706 unusquisque
909 2635 1032 2705 beatus,
1061 2637 1137 2694 licei

126 2719 234 2775 minori
256 2717 349 2790 gloria
370 2715 509 2784 donatus,
531 2715 669 2788 majorem
688 2730 744 2770 non
761 2717 888 2784 requirat
902 2731 956 2770 nee
972 2678 1135 2786 desideret,

127 2797 197 2854 lieet
218 2797 316 2854 variae
337 2797 463 2850 rationes
485 2795 522 2850 ab
538 2794 686 2866 aliquibus
703 2793 858 2868 Theologis
875 2796 1042 2860 afferantur
1065 2814 1138 2866 pro-

127 2875 311 2933 habilissime
338 2875 423 2933 uobis
451 2875 533 2946 loqui
561 2873 733 2928 videnlur'
724 2875 764 2942 ri,
796 2875 848 2946 qui
880 2871 911 2928 id
943 2875 1137 2968 potissimum

126 2949 281 3025 provenire
305 2963 438 3012 asserunt
458 2953 523 3008 ab
515 2971 579 3026 1pso
601 2968 697 3008 amore
719 2951 869 3020 beatifico,
899 2969 956 3023 quo
982 2969 1051 3020 qum
1073 2955 1138 3026 ipsi

126 3034 207 3089 beati
228 3036 314 3106 louge
335 3035 402 3104 plus
424 3033 551 3102 diligant
571 3033 663 3088 Deum
685 3041 772 3102 quein
794 3046 824 3086 se
845 3033 975 3103 ipsoset
993 3049 1048 3088 sua
1065 3051 1137 3104 pro-

124 3113 191 3184 pria
210 3113 288 3168 bona
309 3111 522 3170 etoornmoda:
545 3111 614 3168 hine
635 3114 683 3179 iit,
704 3119 736 3166 ut
756 3112 847 3183 magis
862 3118 961 3182 optent
975 3111 1025 3179 id,
1049 3113 1135 3184 quod

126 3193 188 3248 Deo
210 3199 322 3264 gratum
343 3199 372 3246 et
393 3189 542 3263 acceptum
558 3205 619 3246 esse
633 3193 744 3257 sciunt,
768 3206 853 3262 quam
869 3192 947 3262 quod
961 3192 1039 3259 sibi3
1063 3207 1137 3247 cunr

125 3289 194 3326 vero
215 3279 397 3342 perspectum
419 3271 561 3338 habeant,
590 3273 665 3325 hane
694 3285 755 3325 esse
776 3270 967 3341 justissimam
989 3271 1082 3326 simul
1107 3279 1138 3326 et

126 3351 429 3408 misericordissimam
444 3351 498 3406 liei
512 3352 708 3417 voluntatem,
730 3357 762 3404 ut
775 3351 937 3420 praemium
952 3350 1138 3420 respondeat

125 3431 245 3497 merito,
274 3430 344 3484 bine
364 3431 413 3496 lit,
443 3437 475 3486 ut
494 3429 571 3490 nibil
589 3429 718 3500 amplius
740 3437 854 3499 optent,
870 3445 971 3501 quana
991 3429 1026 3484 id
1047 3429 1139 3501 quod

126 3510 236 3564 meritis
258 3508 319 3562 suis
340 3507 417 3562 Deus
440 3508 595 3564 attribuere
616 3509 719 3562 voluit.
