2304 3888
358 179 507 228 neuneu
523 177 653 227 nonum
710 227 720 246 „
939 163 1000 232 253

31 302 92 368 Quia
109 304 139 356 in
162 303 334 358 fflminibus
354 317 445 374 acque
459 317 493 358 sc
513 303 544 356 iu
559 301 681 374 ringella
692 309 768 370 ,pom
785 310 935 372 umectum
954 321 1003 358 uc·

28 383 118 436 toralia
131 384 229 437 emnia
241 384 354 455 integra
366 388 586 443 remanserunt,
603 388 635 435 ut
647 396 685 434 ex
699 381 727 435 S·
740 381 882 452 Dionysio
898 399 960 454 can
972 383 1001 437 i.

29 460 55 514 de
73 461 161 516 divin.
183 461 260 518 lton.
290 462 374 517 docet
395 461 422 516 S.
438 460 569 516 Thomas.
585 475 615 529 p.
632 459 658 514 i.
683 475 712 530 q.
728 458 776 514 95.
798 476 823 514 a
841 461 866 516 i.
889 469 919 518 et
937 479 1002 518 cunr

28 555 54 592 eo
72 542 256 596 communiter
276 555 375 596 omnes
395 537 541 611 theologi.
874 563 880 576 ·

74 619 100 674 Β.
135 620 191 676 Sed
211 620 278 676 ideo
299 619 408 675 dicitur
427 625 532 674 natura
552 618 750 687 humana‘par
769 625 919 688 peccatum
941 635 1003 676 ccr-

27 707 112 767 mpla,
135 701 206 770 quia
224 698 374 770 per=illud
394 701 509 770 private
530 707 572 752 est
588 697 704 768 justitia
725 705 753 752 et
774 699 924 754 sanctitate
945 701 1001 754 ori·

27 777 119 849 ginali,
141 794 215 850 quae
235 781 310 849 ipsi,
332 785 470 850 tanquam
491 779 583 833 forare
603 776 744 847 quaedam
763 778 999 847 supernaturalis,

26 858 118 926 iuerat,
140 875 203 929 qus
218 857 421 928 perficiebatur
436 859 471 911 iu
493 856 595 912 ordine
616 856 654 910 ad
676 856 784 924 Denm3
809 857 901 912 omnis
922 858 999 918 enim

26 935 167 992 destructio
185 939 295 994 turmae
316 945 359 992 cst
380 935 521 1008 quaedam
542 933 682 1006 subjecti,
712 937 760 990 cui
780 936 872 1003 inest,
903 944 930 990 et
950 952 1001 1006 per

27 1016 194 1085 quamillud
213 1016 377 1086 perficitur,
400 1017 555 1085 corruptio.
643 1019 648 1026 '
827 1035 832 1044 ⁸

72 1097 184 1151 Dicitur
204 1096 290 1152 etiam
311 1097 465 1150 vulnerata
479 1094 521 1148 cb
542 1095 787 1162 imperfectiones,
811 1110 884 1164 qnae
902 1096 1000 1164 priva⁴

27 1174 117 1230 tionem
144 1173 227 1230 illam
251 1174 383 1246 justitiae
415 1174 566 1245 originalis
598 1179 776 1228 consecutae
798 1181 873 1228 sunt.
922 1173 1000 1241 Quae

26 1255 125 1322 quidem
140 1255 380 1324 ,imperfectiones
401 1254 524 1308 vulnera
544 1252 695 1319 dicuntur,
724 1268 782 1307 uon
810 1253 888 1323 qnod
909 1253 1000 1308 Homo

25 1332 46 1384 iu
70 1337 148 1402 puris
176 1333 359 1391 naturalibus
387 1334 559 1388 constitutus
584 1331 621 1386 iis
643 1331 788 1386 obnoxius
809 1347 866 1387 nou
888 1333 999 1400 fuisset,
1043 1351 1050 1368 ·

25 1413 64 1466 red
89 1413 157 1483 quia
186 1421 254 1468 tunc
282 1427 339 1468 uon
368 1411 539 1469 habuissent
565 1411 702 1469 rationem
727 1426 854 1480 poenae,
884 1427 935 1468 nec
963 1428 1001 1468 ex

25 1491 108 1562 aliquo
136 1503 218 1548 reatu
246 1501 340 1548 ortum
365 1491 551 1559 habuissent,
579 1489 632 1544 sed
660 1505 696 1543 ex
717 1488 886 1547 conditione
907 1492 1001 1561 ipsius

24 1578 135 1627 naturae.

72 1651 163 1720 Quare
192 1651 222 1704 in
251 1666 340 1719 purae
367 1655 486 1704 naturae
515 1654 588 1702 statu
612 1644 776 1704 dicerentur
797 1645 942 1718 delectus,
970 1651 1001 1704 iu

26 1735 84 1784 statu
103 1746 173 1786 vero
194 1737 314 1784 naturae
334 1730 432 1798 lapsae
455 1728 591 1782 dicuntur
611 1729 746 1794 vulnera,
769 1728 838 1800 quia
852 1729 1001 1798 supposito

24 1819 124 1876 peccato
141 1809 205 1881 jam
228 1807 336 1864 hebent
355 1803 467 1878 poenae
489 1823 522 1861 ac
543 1806 690 1864 vindictae
711 1808 860 1865 rationem.
997 1841 1001 1849 ,

71 1889 148 1944 Unde
171 1886 288 1960 quaudo
311 1888 338 1942 S.
355 1884 532 1960 Augustinus
560 1886 613 1942 lib.
629 1888 656 1941 3.
686 1886 721 1942 dc
746 1886 839 1942 libero
860 1883 1001 1958 Arbitrio,

27 1981 43 2018 c.
58 1967 96 2022 ¹8.
126 1969 214 2034 dicit,
237 1967 483 2044 ‘concupiscentium
508 1982 563 2038 cca
588 1983 645 2022 ease
665 1975 791 2022 actarum
811 1966 936 2022 Hominis
956 1969 1001 2020 in-

25 2049 101 2113 stituti,
123 2050 174 2102 secl
189 2063 308 2118 poscam
329 2047 466 2102 damnati:
488 2061 587 2100 seuaur
610 2053 666 2110 cst,
690 2043 840 2105 Hominem
862 2045 891 2098 in
907 2046 1002 2114 prima

24 2128 58 2179 tui
75 2129 272 2194 institutione,
294 2127 325 2180 in
347 2142 405 2196 qua
426 2131 536 2180 creatus
558 2132 601 2178 est
621 2141 639 2178 a
652 2123 713 2178 Dec
727 2131 842 2179 sauctus
858 2131 885 2178 et
899 2131 1003 2193 rectus,

24 2219 67 2258 nou
87 2207 224 2262 habuisse
244 2205 319 2260 hanc
348 2205 611 2276 imperfectionem,
640 2203 691 2258 sed
718 2203 797 2274 quod
823 2218 875 2273 per
902 2217 1003 2273 pecca·

24 2289 70 2338 tun
88 2287 172 2340 illam
194 2284 354 2351 contraxit3
383 2283 427 2338 lbi
454 2285 531 2339 enim
554 2297 610 2339 nou
632 2283 761 2353 loquitur
782 2283 809 2338 S.
826 2281 1003 2354 Augustinus

24 2361 51 2416 de
73 2364 222 2422 creatione
251 2372 279 2419 et
305 2361 513 2418 Constitutione
534 2361 666 2416 Hominis
693 2365 724 2416 in
746 2367 822 2416 statu
842 2375 931 2431 purae
950 2375 1003 2414 nc-

24 2448 105 2512 turre,
127 2443 235 2500 sedric
255 2449 330 2498 statu
346 2442 481 2515 justitiae
498 2441 666 2512 originalia,
689 2447 722 2495 ut
735 2437 849 2511 unche
864 2445 1001 2494 contextu

23 2527 193 2579 menifestum
215 2529 266 2578 est,

72 2604 174 2670 Dices,
203 2603 228 2656 si
248 2601 375 2658 detectus
395 2601 443 2655 illi
465 2606 559 2654 essent
577 2599 699 2654 Homini
720 2599 881 2669 naturales,
903 2612 1003 2668 seque-

24 2688 102 2750 retur,
124 2679 267 2738 malitiam
292 2681 448 2736 voluntatis
467 2695 530 2734 esse
543 2693 657 2750 quoque
671 2677 718 2732 illi
733 2677 902 2743 naturalem,
925 2675 1003 2748 quod

23 2765 101 2816 tamen
122 2763 229 2816 falsum
251 2777 310 2815 esse
332 2759 456 2814 videtur.

72 2841 286 2912 Respondetur,
309 2840 451 2893 malitiam
467 2834 581 2907 duplici
591 2837 681 2891 modo
696 2837 770 2890 sumi
784 2849 881 2906 posse:
904 2833 932 2888 l.
947 2850 1001 2905 pro

23 2919 113 2976 vitioso
141 2921 242 2994 aliquo
269 2919 371 2974 habitu
400 2919 461 2972 sive
483 2925 565 2982 actu3
594 2917 624 2970 in
647 2932 704 2986 qua
725 2914 935 2984 significatione
956 2931 1003 2970 su-

23 3000 96 3054 mitur
116 3017 133 3054 a
149 3001 175 3054 S.
193 2999 304 3053 'lhcma
320 2998 344 3052 l.
361 2995 388 3050 2.
412 3004 520 3068 quaest.
537 2995 583 3049 78.
606 3003 658 3049 art.
676 2995 701 3048 i.
725 2993 762 3049 ad
776 2993 802 3049 3.
827 3001 855 3048 et
870 3009 902 3048 eo
917 3009 1002 3048 seusu

24 3089 69 3130 uou
90 3087 132 3133 est
152 3077 206 3133 illa
226 3077 344 3134 Homini
365 3075 506 3130 naturalis
531 3074 558 3128 ².
580 3089 634 3144 pro
656 3074 769 3128 deiectu
790 3081 818 3128 et
838 3074 1001 3144 privatione

24 3153 149 3212 bonitatis
177 3155 317 3228 alicujus,
347 3171 420 3226 quae
447 3157 478 3209 in
500 3154 616 3226 justitia
637 3153 773 3224 originali
795 3151 1005 3223 reperiebatur,

24 3241 45 3287 et
61 3253 109 3305 per
130 3253 214 3308 quarn
236 3237 371 3291 voluntas
390 3235 521 3290 Hominis
542 3233 663 3302 speciali
683 3232 768 3287 modo
790 3231 827 3286 ad
843 3233 934 3288 Deum
957 3245 1002 3284 or·

25 3311 183 3384 dicabatur3
205 3323 233 3370 et
254 3329 289 3369 eo
310 3314 528 3369 sensu-malitia
548 3313 603 3365 illa
624 3312 684 3366 dici
705 3319 800 3382 potest
815 3311 930 3366 Homini
951 3325 1001 3364 na·

26 3395 129 3449 turalts:
152 3397 221 3466 quia
241 3395 354 3451 scilieet
374 3395 428 3448 illa
447 3393 563 3448 bonitas
585 3397 613 3446 et
633 3389 776 3470 rectitudo
794 3396 927 3446 uouerat
940 3387 1002 3460 ejus

25 3481 131 3528 naturae
146 3474 266 3540 debita,
288 3473 338 3530 sed
355 3489 390 3527 ax
405 3474 530 3543 grutuita
544 3471 598 3524 Dei
612 3470 804 3524 beneficentia
815 3464 1000 3538 procedebat,

25 3557 50 3604 tt
67 3555 246 3622 praecedenti
267 3554 363 3623 capito
383 3552 491 3617 dictum
513 3558 563 3605 est.
904 3567 906 3575 ·

1136 2459 1138 2508 l
