2324 3886
141 163 202 232 tet
576 179 695 226 narro

143 301 305 369 dmtinato,
324 302 369 358 do
397 297 509 372 quibnr
532 301 664 373 qumana
690 302 843 408 proposita
870 299 1076 373 intelligenda
1088 311 1132 356 est

144 383 203 440 Pro
223 381 307 454 cujus
326 382 501 440 resolutione

204 485 367 542 Dicendum
389 485 416 542 i.
446 486 519 541 duos
548 493 609 540 esse
629 487 660 540 in
683 501 785 558 genere
807 485 922 541 effectus
942 485 1133 556 praedestina·

143 567 248 632 rionis,
273 567 395 640 gratiam
416 565 529 622 scilicet
547 573 578 620 et
598 565 730 640 gloriam:
770 565 861 622 Porro
883 563 1068 638 quia'gratia
1088 565 1133 620 du-

143 647 214 718 plex
235 655 286 713 est,
308 661 366 702 una
384 645 517 713 actualis,
540 659 613 718 quae
628 643 735 700 dicitur
749 647 842 720 gratia
855 642 1030 715 vocationis,
1043 646 1133 700 'altera

142 725 320 793 habitualis,
342 741 416 797 quae
438 733 556 780 vocatur
576 725 668 798 grstia
683 723 916 798 justificationis3
939 724 1011 778 hinc
1032 725 1132 778 facturn

144 815 203 873 est,
233 813 265 860 ut
291 805 402 875 primus
430 803 483 860 ille
509 806 624 862 affectus
649 805 769 860 nomine
787 805 895 876 gratiae
915 804 1133 874 comprehensus

143 887 176 940 in
198 885 255 940 duo
275 883 498 950 subdividatur,
523 891 551 938 et
569 885 623 938 uic¹
635 893 690 938 tres
711 884 862 954 praecipui
883 883 999 938 effectus
1020 884 1133 954 praede

146 964 311 1020 minationis
331 967 533 1029 numerentur,
561 977 665 1032 nempe
687 964 817 1030 vocatio,
838 961 1012 1034 justificatio
1032 970 1064 1018 et
1085 965 1134 1034 glo

145 1045 284 1110 rideatio,
302 1041 390 1114 juxta
408 1044 510 1112 Apost.
534 1041 617 1096 Rom.
632 1041 660 1096 8.
704 1042 777 1104 Quos
791 1043 1024 1112 praedestinavit,
1049 1045 1133 1097 boso

144 1124 262 1186 vocarit,
285 1132 311 1176 et
331 1139 398 1194 quos
418 1124 537 1185 caconit,
560 1122 608 1176 bos
627 1131 654 1174 et
668 1123 844 1192 justificavit,
866 1139 932 1194 quos
949 1131 1042 1176 uatem
1057 1123 1134 1192 jasti-

136 1203 249 1274 ficans‘t,
272 1203 332 1257 illas
352 1211 379 1256 et
397 1202 568 1272 §lorr'ficam't

204 1307 257 1362 Est
277 1313 371 1362 autem
393 1305 623 1372 observandum,
652 1305 699 1359 ad¹
718 1307 837 1377 gratiam
859 1307 1020 1362 vocationis
1044 1307 1135 1361 reduci

147 1387 245 1448 omnia
266 1387 379 1440 auxilia
399 1395 427 1442 ct
447 1379 623 1458 adjumenta,
646 1401 702 1442 non
725 1385 817 1438 solum
839 1387 963 1453 interna,
985 1385 1135 1442 sedetiam

144 1473 280 1532 externa,
309 1481 382 1538 quae
408 1465 446 1520 ad
462 1465 700 1536 justificationem
721 1476 772 1519 suo
794 1463 881 1520 modo
903 1465 990 1521 simul
1012 1481 1081 1522 uum
1100 1467 1136 1520 iu·

145 1543 234 1600 ternis
256 1553 444 1600 concurrunt:
467 1554 500 1600 ut
520 1553 638 1602 externa
657 1543 811 1616 Evangelii
832 1545 1029 1616 praedicatio,
1057 1561 1136 1616 aps·

144 1624 276 1680 rentibus
298 1625 464 1682 christianis
486 1632 565 1679 ortus
579 1633 608 1679 et
621 1623 772 1690 educatio,
794 1625 974 1680 occasionum
993 1624 1135 1695 ‘peccandi

145 1705 284 1772 remotio,
307 1721 371 1761 curn
392 1705 452 1776 piis
473 1712 501 1759 et
521 1703 612 1758 bonis·
629 1704 826 1770 conversatio,
856 1705 983 1758 fraterna
1004 1706 1137 1759 correctio

145 1792 173 1838 et
187 1783 246 1836 alia
260 1784 378 1838 similia.
414 1783 461 1837 Ad
483 1783 604 1856 gratiam
626 1797 740 1854 quoque
756 1781 975 1854 justificationis
997 1786 1136 1853 pertinere

146 1875 244 1916 omnes
267 1863 339 1917 alios
366 1861 484 1917 habitus
511 1861 759 1932 supernaturales,
790 1863 841 1933 qui
867 1863 955 1917 simul
984 1865 1136 1934 cumipse

145 1941 239 2013 gratia
258 1941 404 1999 habituali
425 1939 634 2008 intunduntur,
657 1949 688 1995 ut
707 1941 826 1996 habitus
847 1942 944 2011 Fidei,
968 1945 1048 2014 spei,
1071 1943 1138 1996 cari·
1160 2011 1161 2018 ἵ

144 2021 212 2075 tatis
233 2029 261 2074 et
282 2021 404 2076 aliarum
426 2023 564 2076 virtutum
586 2021 866 2090 supernaturalium
890 2021 957 2078 item
981 2022 1059 2078 dona
1081 2023 1139 2092 Spi-

144 2101 217 2170 ritus
239 2102 349 2170 sancti,
374 2104 481 2172 gratias
503 2101 728 2156 sacramentales
745 2115 780 2154 ac
800 2101 907 2154 donum
928 2103 1027 2156 dualis
1049 2115 1139 2171 perse

145 2182 303 2235 versutiae.
337 2179 384 2234 Ad
399 2181 637 2254 glorificationem
659 2180 785 2252 denique
805 2182 949 2250 pertinere
970 2195 1029 2236 non
1052 2182 1139 2236 solun

120 2259 238 2329 ‘ipsam
270 2259 413 2316 visionem
443 2257 628 2330 beatificam,
661 2263 689 2314 et
718 2273 843 2314 amorem
874 2260 1060 2327 beatificum,
1097 2257 1141 2314 sed

145 2340 232 2393 etiam
258 2337 322 2393 'alia
350 2339 426 2396 dona
453 2341 562 2414 gloriae
594 2337 800 2406 accidentalis,
834 2353 907 2410 quae
938 2341 1065 2394 animaru
1099 2339 1140 2393 vel

145 2431 251 2490 corpus
277 2419 445 2489 respiciunt
499 2419 578 2486 Quae
607 2419 704 2473 omnia
732 2424 758 2471 at
787 2418 896 2474 similia
923 2420 999 2479 inter
1027 2419 1140 2474 effeetus

144 2497 418 2568 praedestinationis
440 2497 601 2568 computari
623 2495 744 2564 debent,
768 2503 904 2568 tanquam
926 2496 962 2553 ab
982 2499 1038 2554 illa
1056 2498 1140 2553 bene-

144 2577 276 2632 volentia
297 2587 323 2632 et
337 2579 456 2632 caritate
470 2578 689 2648 provenientes,
710 2589 768 2646 qua
782 2577 858 2632 Deus
876 2578 914 2632 ab
929 2585 1048 2634 aeterno
1062 2593 1140 2649 prae·

145 2655 303 2712 destinatos
324 2655 362 2712 ob
384 2655 491 2712 Christi
511 2653 615 2710 merita
636 2655 756 2722 dilexit,
787 2665 816 2712 et
835 2671 887 2726 per
909 2672 996 2728 quam
1016 2658 1082 2711 illia
1102 2665 1140 2712 tot

145 2747 174 2790 et
195 2744 276 2794 tauta
296 2748 364 2792 susa
385 2737 528 2809 largitatis
551 2735 627 2790 dona
647 2737 840 2808 praeparavit.

204 2839 232 2896 2.
275 2839 438 2899 Dicendum
453 2840 480 2895 2.
501 2834 573 2896 duos
589 2855 649 2895 ease
663 2848 774 2894 tantum
789 2841 902 2896 effectas
917 2839 1139 2911 reprobationis.

143 2921 259 2978 Primus
280 2929 324 2975 est
343 2919 496 2992 permissio
510 2919 639 2991 peccati3
661 2919 737 2975 uude
753 2917 826 2976 dicit
840 2921 998 2990 Apostolus
1017 2920 1101 2976 Rom.
1113 2921 1138 2974 9.

146 3002 224 3065 Quod
243 3001 319 3054 Deua
339 3001 430 3054 nobas
450 3001 588 3054 ostendere
607 3001 692 3064 iram,
723 3009 748 3054 et
770 3009 862 3054 aotam
875 3000 973 3071 secere
989 3004 1139 3070 potantium

145 3097 236 3144 asam,
258 3081 386 3134 sustinuit
405 3082 433 3134 ia
453 3081 537 3136 multa
552 3081 690 3150 patientia
710 3095 779 3137 voro
798 3081 856 3136 icoc
872 3081 981 3152 aptato
995 3082 1139 3136 interimar.

145 3160 182 3218 Et
210 3159 247 3212 ad
273 3159 352 3214 hune
381 3161 510 3215 effectum
532 3155 679 3218 reducitur
694 3158 870 3226 obduratio,
900 3175 949 3214 seu
978 3161 1141 3214 excaecatio

145 3236 279 3308 reprobi3
305 3255 370 3292 cum
392 3239 469 3292 nihil
490 3239 573 3294 aliud
594 3239 633 3291 sit
653 3253 738 3308 quam
760 3239 825 3308 ipsa
845 3240 959 3308 peccati
978 3240 1139 3309 permissio,

145 3324 287 3388 quatenus
307 3319 401 3384 Deus,
430 3315 625 3387 permittendo
646 3325 814 3386 pacarem,
834 3317 922 3374 simul
938 3317 1021 3388 justa
1042 3319 1140 3388 aliqua

144 3408 181 3449 ex
208 3412 295 3452 asnaa
321 3396 466 3451 subtrahit
485 3397 609 3468 reprobo
627 3397 778 3466 peculiare
798 3396 922 3466 aliquod
942 3399 1052 3469 madae
1072 3409 1140 3452 suae

144 3475 303 3546 auxilium,
332 3489 389 3545 quo
411 3473 473 3546 ejus
495 3475 762 3543 cor-emolliretur,¹
788 3476 837 3530 val
856 3477 1073 3534 illuminaretur
1093 3477 1139 3532 iu·

121 3551 282 3612 collectus.
325 3551 566 3610 seminarem
587 3553 705 3612 eductus
724 3553 936 3626 reprobatiouit
957 3564 1007 3612 est:
1021 3563 1139 3613 aeterna
