2324 3886
984 173 1026 240 99

37 309 108 374 pest
126 323 162 360 sa
179 309 364 371 ammiates
374 308 421 361 uei
431 309 529 378 facere
549 309 631 378 quiid,
648 309 697 362 ael
707 323 760 362 aaa
767 309 879 378 saccea,
902 319 1022 380 cupatur.

36 383 89 440 Noa
110 387 182 440 enias
203 400 236 440 ea
256 404 300 450 eo,
323 388 491 458 puodDeta
510 389 560 440 scit
573 388 699 456 satanan
720 389 825 459 aliquid
831 429 838 454 ,
866 391 926 444 ideo
940 391 1023 459 sut*

35 482 86 518 rica
105 475 159 532 eat,-
189 467 237 520 sad
254 468 320 536 quia
333 468 459 537 saiwam
479 467 640 530 est,··Deas
659 468 757 532 noctis
776 469 857 540 quasi
877 471 1022 538 praescia

30 546 187 613 fidasm-
227 545 265 600 Et
284 546 495 617 §.Augustino
514 546 568 600 lib.
582 549 610 601 5.
630 546 668 602 de
684 547 770 602 civit.
782 561 857 618 cap.
871 547 917 602 to.
946 550 1021 610 Qas-

33 625 99 678 circa
116 626 193 686 natio
213 626 290 678 modo
312 628 453 696 copiam·
466 635 514 680 aat
534 634 639 680 retenta
653 628 840 696 praescientia
853 627 908 681 Dei
928 630 1022 684 tollere

34 705 172 760 somatis
185 706 341 769 arbitrium,
365 713 412 760 aut
426 713 527 760 mento
541 707 687 760 voluntatis
700 705 814 760 arbitrio
828 706 917 763 aaa
931 707 1021 778 (qast

33 784 102 853 nefas
122 785 182 854 est)
203 802 302 854 repara
318 787 481 855 praesciam*
488 786 663 855 firmarum
689 788 738 840 sed
756 795 898 857 urumque
913 789 1021 856 ampir-

32 866 131 930 ctiruar,
161 875 302 935 atramque
314 867 483 934 fidelitsrnct
503 867 636 920 varaciter
656 866 818 936 confitemur.
859 866 897 920 Et
920 863 974 919 tib.
989 865 1018 922 3·-

34 941 64 995 de
82 944 178 999 libero
197 944 294 998 Arbit.
317 959 379 1014 cap.
395 945 423 998 4.
455 945 531 998 Sicut
557 944 690 1016 (iuquit)
704 951 733 999 ta
752 947 880 1000 memoria
899 953 947 998 tua
965 962 1020 999 aaa

31 1025 95 1091 coqu
109 1025 195 1094 sacta
216 1041 299 1088 csse„
310 1041 380 1096 quae
395 1026 609 1094 praeterierunt,
632 1027 672 1078 sic
684 1025 760 1079 Deus
768 1026 963 1095 praescientia
960 1043 1020 1083 atta

32 1119 76 1154 nan
95 1106 167 1173 capit
181 1104 330 1174 facienda,
354 1121 424 1175 quae
436 1105 536 1173 flatura
555 1113 626 1158 aaut.

82 1183 226 1240 Probatur
247 1184 276 1238 3
305 1185 433 1250 ratione,
458 1199 516 1254 qus
537 1185 627 1238 utitur
648 1184 676 1238 S.
691 1149 872 1255 Augustinus
892 1182 946 1238 lib.
969 1184 1017 1238 cit.

32 1262 125 1330 capi
157 1277 232 1334 quae
260 1263 303 1323 sic
330 1263 455 1332 proponi
472 1269 579 1332 potest.
621 1251 729 1317 Fut'ura
750 1263 946 1334 contingentia
965 1263 1021 1318 illa

31 1341 118 1396 eodem
141 1341 232 1402 modo
253 1358 283 1396 re
304 1343 370 1412 ipsa
391 1344 497 1404 futura
509 1349 592 1410 sunt,
614 1358 670 1412 quo
686 1359 703 1396 a
717 1343 844 1419 Deoper
857 1343 1021 1414 praeseien-

31 1420 91 1474 tiam
116 1423 217 1476 futura
245 1428 464 1492 cognoscuntur.
513 1414 619 1492 Atqui
633 1429 843 1492 cognoscuntur
867 1424 963 1478 futura
983 1423 1020 1478 ti-

31 1497 105 1568 berc;
132 1515 231 1570 neque
259 1501 349 1560 enini.
357 1497 559 1570 praescientia
568 1501 627 1562 Dei
643 1501 767 1557 destruit
789 1501 948 1560 uoluntatis
968 1517 1019 1556 uo-

30 1585 95 1634 strae
120 1589 276 1646 naturam,
306 1581 376 1650 quia
401 1579 450 1650 (ut
474 1579 518 1634 ait
538 1587 653 1639 sauctus
673 1581 726 1636 ille
748 1579 868 1651 Ductor)
897 1583 1019 1636 rotantur

31 1675 75 1712 con
93 1669 178 1725 erret,
208 1661 263 1715 aiei
289 1670 359 1714 esset
379 1663 408 1716 ia
427 1669 521 1714 nostra
536 1670 689 1729 potestate.-
717 1675 784 1730 ergo
808 1659 901 1716 libere
921 1661 1018 1714 futura
1050 1655 1052 1662 '

31 1747 93 1792 tunt.
134 1740 203 1796 Nea
229 1742 313 1808 ipitar
338 1739 453 1810 (inquit
472 1739 553 1810 ille)
562 1741 700 1809 per-Dei
721 1742 933 1809 praescissum
949 1740 1021 1810 meta

29 1828 135 1884 potestas
165 1820 311 1883 adimitur,
340 1837 409 1890 qaae
431 1829 581 1889 propterea
607 1821 674 1872 mitt
699 1819 797 1872 certior
821 1821 925 1884 aderit,
951 1821 1018 1890 quia

32 1896 81 1962 vu,
115 1901 196 1970 cajus
222 1900 409 1970 praescientia
438 1916 492 1962 aaa
497 1899 646 1970 fallitur
677 1900 835 1969 adfuturum
863 1899 929 1954 miii
944 1916 1017 1954 :case

27 1981 174 2044 praescivit.

81 2047 276 2116 Coniirtuatur¹
290 2073 327 2112 ex
341 2073 384 2126 eo,
406 2057 486 2130 quod
500 2053 547 2135 (ut
560 2057 640 2114 sits.
651 2057 870 2130 Chrysostomus
883 2055 961 2114 hom.
969 2056 1018 2112 60.

32 2134 57 2188 in
74 2137 178 2192 Mutth.
200 2133 352 2208 explicans
373 2137 467 2192 iilud:
494 2128 613 2212 Necesse
635 2147 674 2202 est
694 2147 723 2190 ut
743 2139 851 2192 esaim
870 2133 1018 2209 scandala)

30 2228 76 2270 nou
95 2218 163 2274 ideo
194 2218 293 2272 futura
319 2217 472 2290 eveniunt,
500 2217 570 2288 quia
592 2218 668 2274 Deus
690 2225 830 2272 eventura
847 2217 1017 2292 praescivit,

31 2294 73 2348 sed
92 2298 160 2367 quia
184 2303 322 2352 eventura
343 2305 441 2364 erant,
462 2295 528 2352 ideo
549 2297 604 2354 illa
624 2297 791 2366 praescivit.

80 2375 105 2430 t.
146 2373 251 2446 Neque
273 2375 370 2443 dicas,
391 2375 461 2430 hinc
482 2377 581 2446 sequi,
605 2376 798 2466 cognitionem
813 2374 869 2428 Det
883 2371 1016 2429 suamab

32 2451 131 2524 objecto
163 2455 366 2512 certitudinem
394 2455 534 2524 accipere.
576 2456 652 2509 Haec
678 2455 755 2508 euim
777 2453 952 2524 cognitionis
974 2451 1018 2506 di-

31 2533 103 2588 vinae
124 2533 270 2590 certitudo
291 2551 349 2588 non
371 2534 408 2591 ab
429 2534 560 2606 objecto,
586 2524 639 2588 ied
659 2533 696 2588 ab
717 2531 833 2588 infinita
852 2533 883 2588 vi
904 2539 932 2587 et
951 2547 1017 2602 per·

32 2611 143 2669 iectione
163 2613 330 2668 intellectus
353 2608 449 2668 divini
478 2613 803 2706 derivetur‚·t1'uamvis
830 2614 937 2667 veritas
966 2607 1017 2666 ob·
1099 2675 1102 2682 ,
1151 2627 1152 2646 ¹

30 2687 88 2758 jecti
116 2693 153 2748 sb
181 2695 237 2748 illo
266 2694 375 2766 cogniti
403 2693 439 2747 sit
469 2694 613 2761 conditio,
642 2693 704 2758 sine
732 2709 790 2786 qus
817 2691 853 2748 ab
881 2691 935 2746 illo
956 2684 1015 2746 nori

34 2779 273 2842 cognosceretur.

80 2850 226 2923 Objicies,
259 2851 406 2922 quidquid
433 2833 511 2905 Deus
537 2852 696 2922 praescivit
725 2850 906 2918 iaciendum,
937 2847 1016 2906 illud

34 2933 181 2986 necessario
204 2933 270 2998 fiet3
291 2932 364 2985 ilias
384 2931 577 3001 praescientia
597 2931 651 2986 Dei
673 2937 750 2986 certa
771 2946 827 2984 non
851 2936 932 2984 esset.
963 2931 1016 2984 At-

34 3009 76 3076 qui
97 3012 257 3080 praescivit
284 3010 361 3064 Deus
384 3027 416 3063 ..ι.
431 3029 459 3080 g.
481 3009 692 3066 Antichristus]
718 3018 919 3081 peccaturum:
947 3023 1015 3080 ergo

35 3090 184 3145 necessario
205 3089 341 3159 peccabit
359 3090 567 3144 Antichristus.

84 3169 129 3224 Ad
156 3169 244 3240 hujus
271 3169 446 3240 adjectionis
471 3169 644 3224 solutionem
672 3169 784 3239 duplex
811 3167 1017 3240 distinguenda

35 3253 70 3299 stt
86 3251 258 3313 necessitas3
286 3250 346 3303 alia
365 3250 445 3302 enim
466 3257 509 3304 est
529 3249 717 3317 antecedens,
748 3248 808 3304 aiiii
828 3261 1016 3318 consequens.

35 3323 204 3383 Antecedens
233 3335 276 3382 est
302 3329 372 3396 illa,
402 3343 477 3398 quse
501 3332 598 3382 oritur·
615 3345 652 3382 ex
677 3341 763 3382 causa
783 3328 968 3386 antecedente
988 3331 1019 3381 at

35 3409 183 3464 necessario
202 3415 358 3478 operante;
387 3411 484 3478 posita
504 3409 583 3462 enim
608 3408 662 3462 tali
684 3423 771 3465 csusa
792 3408 953 3463 necessario
973 3421 1017 3460 sa-

36 3485 121 3550 quitur
141 3489 264 3542 ctteetus.
307 3489 492 3558 Conuersus
513 3503 580 3542 vera
601 3489 757 3543 nicasius
776 3496 820 3542 est
845 3488 913 3552 iila,
942 3497 1017 3554 quaa

38 3565 114 3621 oritur
124 3582 159 3622 ex
169 3569 232 3624 sola
242 3567 386 3638 positione
400 3568 525 3637 affectus,
541 3569 596 3622 etsi
611 3584 628 3622 a
642 3582 730 3622 csusa
742 3566 840 3632 libers
850 3563 1015 3634 proveniat

805 3639 852 3706 7.
