2294 3892
421 121 459 166 66
484 121 603 182 arsura.
830 119 837 132 ⁴
946 103 1009 175 366

70 238 96 297 2.
126 237 201 295 Cura
220 239 311 312 66666
326 239 414 307 haec
422 241 452 298 io
468 241 671 304 amassenus
685 239 762 310 6666
777 253 884 308 omues,
907 257 1018 314 ruper-¹

20 327 53 372 at
71 311 169 372 66666
189 333 247 374 666
269 317 425 375 difficultas
445 319 497 374 hic
522 319 676 392 solvenda.
706 335 743 372 66
770 321 884 382 scilieet
912 321 1004 393 grstia

20 397 141 450 sanitatis
164 397 194 450 in
217 413 251 452 66
272 399 439 468 praesertim
460 397 572 452 differat
586 411 604 451 'a
618 400 717 478 gratis
723 397 903 470 medicinali,
925 397 1004 471 quod

21 478 116 546 gratiae
139 477 273 530 sanitatis
293 477 395 542 66666,
418 479 443 534 si
464 479 568 544 vellet,
592 471 742 536 dissentire
760 486 877 548 possse,
893 481 1005 550 gratiae

20 572 73 610 raro
95 555 267 612 medicinali
288 558 448 612 necessario
461 559 659 624 assentiatur,
686 573 748 619 uec
761 556 798 610 sb
818 557 873 614 illa
894 557 1003 614 dissen-

23 636 65 689 tire
85 635 211 705 possit..
302 687 306 694 ,

67 714 149 768 Hanc
177 715 346 784 utriusque
354 715 436 772 illius
459 706 573 786 gratiae
591 685 783 772 differentium
804 716 887 770 affert
903 683 1003 770 Calvi¹

21 809 63 848 uus
81 795 112 848 in
136 794 278 850 Antidota
301 795 426 851 Concilii
448 791 578 848 Tridcut.
608 794 646 848 66
673 810 740 848 sess.
764 793 790 848 6.
820 804 872 854 art
892 797 920 850 5.
948 795 1001 852 ubi

20 873 43 924 tu
55 873 153 926 Patres
173 875 255 928 itlius
278 873 404 929 Consilii
424 875 588 940 inuehitur,
612 875 690 946 quod
712 873 841 938 diceutes
854 875 1001 939 hominem

20 953 42 1002 tu
61 960 137 1006 statu
154 961 279 1011 naturae
298 951 397 1022 lapsae
417 969 501 1024 posse
523 955 644 1025 gratiam
667 953 794 1008 6616666
815 953 951 1030 abjicere,
973 961 1001 1008 st

21 1045 70 1092 6.66
86 1031 112 1084 4.
136 1047 220 1101 posse
241 1031 289 1092 illi
306 1030 464 1088 dissentire
486 1035 511 1088 si
531 1033 619 1100 uelit,
642 1034 749 1104 gratiae
768 1033 937 1090 medicinali
952 1035 1001 1086 tri-

21 1108 151 1176 buerant,
176 1107 255 1181 quoti
283 1119 342 1166 erat
370 1114 520 1183 preprium
549 1113 656 1184 gratiae
682 1113 835 1180 sanitatis3
870 1113 1000 1186 ipsisque

21 1187 63 1242 iac
83 1189 118 1243 de
140 1206 228 1246 66666
249 1190 455 1262 Pelagianismi
476 1201 572 1246 uotam
593 1193 693 1246 inurit.

67 1268 176 1324 Verum
196 1267 309 1328 ‘falsitas
330 1269 417 1341 hujus
439 1269 580 1342 dogmatis
602 1271 750 1324 evidenter
771 1269 883 1342 patebit
904 1286 940 1324 ex
957 1270 1001 1324 di-

21 1347 106 1401 ceudis
121 1349 200 1409 iufra
215 1365 277 1418 cap.
293 1348 320 1402 4.
353 1349 449 1406 Unum
471 1349 518 1404 hic
539 1357 650 1412 tanturn
672 1351 788 1406 interim
809 1357 858 1403 aut
878 1351 999 1404 alterum

21 1427 201 1484 testimonium
223 1426 251 1482 S.
267 1429 424 1499 Augustini
452 1425 549 1502 (cujus
578 1429 751 1498 authoritate
780 1430 918 1484 Calvinus
945 1429 1000 1484 hoc

21 1519 88 1560 suum
117 1507 228 1576 dogma-
251 1523 434 1580 propugnare
459 1511 585 1583 martine
607 1507 738 1578 conatur)
768 1510 932 1576 afferemus,
962 1508 999 1562 ad

22 1584 189 1648 probandum
210 1603 246 1640 cx
267 1595 361 1641 mente
382 1588 506 1642 itliuss.
523 1589 615 1642 Patris
632 1589 769 1659 gratiam
792 1590 908 1658 quaein
925 1593 999 1642 statu

22 1671 122 1720 naturae
145 1667 244 1746 lapsae
265 1665 376 1721 homini
395 1667 553 1758 tribuitur,
583 1669 727 1722 661166)Ι
718 1669 777 1738 rpsi
798 1667 836 1721 66
856 1665 1000 1738 agentium

21 1741 110 1798 inferre
131 1739 346 1824 necessitatem,
376 1745 495 1816 ejusque
522 1747 707 1809 voluntatem
720 1747 842 1806 liberem
864 1755 892 1802 et
911 1745 1000 1803 indis·

24 1817 141 1894 terentem
166 1823 208 1889 66
236 1815 473 1882 consentiendum
503 1825 562 1880 Deo
591 1827 638 1880 vel
667 1827 800 1883 daemoni
827 1821 1002 1898 relinquere

24 1895 172 1975 sicigitur
197 1891 384 1974 loquiturS.
397 1905 450 1958 ille
472 1903 557 1961 Pater
576 1905 630 1959 lib.
646 1904 691 1963 50
718 1904 920 1972 homiliarum,
947 1907 998 1960 ho-

24 1979 71 2032 mil.
87 1983 129 2038 12.
155 1985 220 2038 Cum
236 2002 290 2053 per
303 1985 358 2038 Dst'
379 1985 573 2054 aclJ'utort‘um
563 2002 591 2036 m
606 1993 741 2054 potestate
762 1994 809 2039 tua
829 1987 878 2050 sit,
901 1993 999 2040 utnon

23 2066 155 2118 consertas
176 2064 299 2130 666666),
327 2081 411 2134 quare
442 2081 494 2118 non
515 2063 695 2134 6669661366,
724 2081 803 2134 quam
824 2066 878 2134 ipsi
898 2065 1000 2118 666666-

21 2151 101 2200 perare
129 2143 283 2197 deliberas!
311 2153 359 2198 etc.
385 2140 473 2215 'quare
501 2145 539 2198 ad
557 2144 724 2228 peccandum
745 2145 848 2197 seducit
868 2144 996 2208 Satanas,

25 2229 68 2268 666
86 2219 161 2276 Dsas
176 2223 322 2292 posuerit
321 2225 349 2276 in
371 2224 483 2276 hominis
498 2223 648 2294 potestate,
671 2239 724 2276 nan
745 2225 892 2292 consentire
914 2224 998 2277 Sata-

24 2301 80 2349 Me?
104 2311 151 2354 etc
193 2303 253 2372 Dat
272 2304 432 2374 quidem!
399 2304 444 2356 tlte
470 2303 610 2371 (statutus
630 2303 747 2371 scilicet)
770 2303 922 2366 consilium,
951 2305 1000 2356 sed

24 2370 70 2428 Deo
94 2368 241 2436 aemiliante
262 2392 380 2436 nostrum
402 2392 454 2448 est,
484 2383 526 2436 uel
552 2400 648 2452 coare,
678 2383 721 2435 uel
739 2383 897 2452 repudiare,
927 2385 1001 2453 qaod

25 2463 133 2523 nouerit
170 2459 206 2515 Et
226 2459 365 2519 hom.46.
387 2461 420 2514 16
441 2471 485 2515 tua
506 2463 619 2516 arbitrio
640 2461 837 2531 Desponsa
861 2462 998 2530 cuipares

26 2530 199 2600 6666,1)66
226 2550 263 2596 an
275 2539 406 2595 diabole.
462 2541 536 2596 Huic
564 2542 680 2596 veritati
711 2539 883 2610 subscripsit
913 2541 999 2594 etiam

26 2609 274 2692 s-Hierouyrrrus
265 2635 297 2674 ru
326 2637 348 2674 e.
366 2618 414 2674 49.
450 2621 516 2674 Issi.
540 2638 604 2676 cum
626 2621 718 2675 dixit·
759 2621 814 2674 Dee¹
832 2637 929 2674 uocare
951 2629 997 2684 est,

26 2699 174 2752 suestram
202 2701 325 2764 credere
327 2717 340 2736 ³
356 2717 405 2753 nec
430 2702 534 2766 statim,
564 2703 590 2754 ss'
615 2705 664 2753 666
690 2717 743 2754 non
763 2701 917 2762 metiamur,
947 2701 999 2752 im-

23 2779 268 2844 reteneamus,
297 2781 346 2834 ssd
368 2781 517 2872 potentiam
538 2797 615 2834 suem
635 2789 726 2834 nostro
746 2781 859 2834 arbitria
880 2780 999 2834 deretin-

27 2852 81 2916 ita't,
102 2867 130 2910 at
142 2860 217 2927 juste
236 2860 358 2916 voluntas
374 2860 526 2930 praemium
547 2869 733 2930 consequatur.
774 2861 811 2914 Et
832 2859 860 2913 S.
875 2858 998 2929 Fulgen-

27 2926 70 2981 411³
93 2935 147 2992 lib.
175 2937 210 2992 66
231 2936 385 2992 Pracdest.
384 2945 427 2992 et
449 2937 496 2990 Gr.
527 2938 593 2992 69.
622 2938 781 3006 unitricis,
807 2939 903 2992 Deum
924 2939 1000 2991 inter

28 3017 49 3057 ’θ
72 3019 96 3064 et
121 3017 251 3072 homiues
280 3019 322 3072 ita
342 3015 506 3084 ordinasse,
538 3027 567 3070 ut
594 3019 732 3072 vocatione
759 3019 845 3088 maius
873 3019 999 3075 bonorum

24 3087 143 3161 Principia
163 3114 342 3162 sumeremus,
365 3099 452 3152 vocati
472 3107 560 3150 autem
581 3105 606 3150 et
628 3097 771 3150 illuminati
791 3101 861 3152 uiam
882 3099 999 3152 manda—

29 3168 97 3222 ²⁰⁷¹¹m
115 3176 184 3243 aas,
208 3177 299 3230 oant'
289 3177 391 3246 enyenie‘
411 3174 588 3246 intelligentia
607 3189 788 3240 nosceremus,
815 3187 841 3230 st
861 3196 894 3232 ea
915 3177 999 3231 lebera

28 3242 165 3311 ‘lineretur
193 3257 236 3309 cel
265 3257 472 3328 relinqueremus
503 3257 624 3310 arbitrio.
675 3257 701 3308 6.
734 3256 803 3309 item
835 3255 997 3311 Bernartius

29 3332 603 3427 6666666666).1666666666,
628 3335 752 3390 inimicus
772 3337 888 3390 eantare
910 3329 999 3390 ten'ta—

30 3400 92 3458 '¹⁰44
109 3423 218 3485 motum,
239 3417 317 3470 ssd'
307 3433 335 3468 m
356 3424 381 3468 te
399 3425 453 3478 est,
475 3417 500 3468 n'
520 3412 647 3477 uolueris,
670 3417 737 3471 dere
758 3432 805 3468 seu
818 3433 921 3484 seqare
933 3432 999 3468 can

30 3491 125 3545 'imm
397 3539 398 3544 ,

63 3576 142 3639 tterty,
159 3590 255 3630 6666116
269 3590 399 3643 tueotogtes.
430 3541 446 3630 4.
798 3569 840 3634 25
