2324 3886
135 173 194 240 128
576 189 615 232 nr
630 189 696 234 uuo.

137 319 140 327 ’
194 311 324 366 Primum
346 317 402 376 est,
433 309 511 380 quod
533 312 666 382 quamvis
691 311 912 378 concederetur,
941 313 1016 366 hauc
1043 314 1144 368 luisse

135 393 171 446 D.
188 391 344 462 Augustini
367 391 554 459 sententiam,
577 391 696 444 minime
717 397 812 444 tamen
834 399 996 446 teneremur
1014 393 1060 446 illi
1085 393 1145 446 ad-

135 473 270 536 haerere,
299 471 368 540 quic
393 468 538 540 ejusmodi
560 470 702 526 sententia
723 470 835 524 nullius
856 486 984 541 unquam
1007 473 1143 527 Concilii

135 552 184 605 vel
206 550 355 604 Pontifiois
376 547 500 603 Romani
516 549 633 620 J‘udioio
660 550 709 602 vel
738 551 912 605 authoritate
940 552 1053 606 dumata
1081 561 1140 606 est.

135 631 196 686 lmo
226 630 406 684 Coelestinus
434 628 515 698 Papa
541 631 572 682 in
602 629 726 698 epistola
754 629 792 682 ad
819 630 979 700 Episcopus
1008 630 1138 698 Galliae,

134 711 165 764 in
188 725 245 780 qua
266 723 400 779 expresse
423 707 600 775 declaravit,
624 707 697 778 quid
717 710 749 763 in
771 707 904 764 doctrina
926 711 952 763 S.
973 711 1140 782 Augustini

133 788 290 844 tenendum
312 795 385 844 esset
407 789 484 842 circa
505 789 716 842 controversias
747 791 873 859 gratiae,
904 790 1055 844 occasione
1088 793 1139 846 Se-

132 868 394 940 mipelagianorum
416 875 484 922 tnnc
506 867 601 922 denuo
624 876 753 936 exortas,
777 869 889 924 nullam
910 883 1029 938 prorsus
1050 871 1138 926 illins

133 949 292 1004 sententiae
311 947 485 1002 mentionem
501 947 580 1013 lacit,
603 948 735 1018 quamvis
757 947 834 1002 illud
855 951 1025 1016 praesertim
1047 960 1139 1020 capnt

133 1029 166 1083 in
195 1028 328 1082 doctrina
350 1027 376 1080 S.
398 1025 557 1097 Augustini
573 1034 652 1080 ‚tunc
681 1043 698 1082 a
725 1028 824 1082 multis
852 1028 1048 1098 impeteretur.
1101 1031 1137 1084 Et

132 1109 165 1162 iu
183 1105 324 1162 Conciliis
344 1105 560 1176 Diospolitano,
582 1105 764 1174 Milevitano‚
787 1107 1018 1183 Carthaginensi,
1040 1109 1138 1164 Arau-

131 1187 232 1244 aicano
261 1193 289 1240 et
317 1185 401 1252 aliis,
430 1200 505 1256 qnae
531 1185 633 1240 habita
660 1193 727 1240 sunt
748 1193 848 1242 contra
868 1201 977 1244 errores
999 1187 1136 1260 Pelagia-

131 1281 234 1322 norum
263 1273 291 1319 et
319 1265 633 1336 semipelagianorum,
664 1280 724 1320 non
751 1265 837 1320 modo
865 1266 954 1320 ultum
982 1269 1138 1323 invenitur

132 1347 282 1401 silentium
304 1343 340 1397 de
360 1343 414 1398 illa
435 1343 639 1414 reprobatione
660 1345 791 1415 generali
812 1345 849 1399 ob
871 1345 964 1402 solum
979 1357 1135 1415 peccatum

130 1425 288 1496 originale,
311 1423 362 1478 sed
383 1425 469 1480 etiam
489 1425 576 1494 plura
596 1425 627 1478 in
649 1423 711 1478 illia
732 1427 932 1492 reperiuntur,
959 1441 1035 1496 quae
1057 1428 1134 1498 ejue

128 1503 210 1573 modi
230 1507 388 1560 sententiae
410 1505 527 1560 omnino
549 1511 718 1574 repugnant.
761 1501 848 1562 Unde
863 1505 1010 1576 seqnitur,
1033 1505 1136 1561 Eccle-

128 1585 203 1640 siam
234 1584 283 1638 vel
314 1599 456 1654 nusquam
489 1583 656 1654 agnovisse,
688 1584 764 1638 hanc
796 1585 884 1638 fuisse
911 1583 946 1636 D.
970 1585 1133 1658 Augustini

128 1663 316 1730 sententiam,
338 1664 385 1716 vel
408 1666 433 1717 si
454 1663 587 1736 agnovit,
610 1662 693 1718 illam
715 1663 877 1732 approhare
899 1664 1038 1718 noluisse.

187 1743 352 1806 Secundum
368 1750 418 1810 est,
442 1743 475 1798 D.
491 1744 688 1816 Augustinum
704 1743 838 1809 circaea,
861 1755 934 1813 quae
957 1749 1134 1813 mysterium

127 1821 401 1893 praedestinationis
424 1830 451 1877 et
471 1820 685 1892 reprobationis
714 1829 860 1891 spectant,
891 1830 1015 1876 urentem
1049 1841 1133 1879 suam

125 1915 268 1972 nusquam
291 1908 388 1972 aperte
410 1901 572 1958 declarasse
594 1910 643 1954 aut
665 1902 845 1972 explicasse,
874 1917 910 1956 ex
939 1917 996 1972 qno
1022 1905 1133 1960 lactum

126 1989 185 2048 est,
214 1988 246 2035 ut
275 1981 310 2038 de
338 1981 392 2036 illa
419 1983 495 2036 inter
516 1981 655 2036 Doctores
684 1981 842 2036 catholicos
866 1997 1017 2052 nunquam
1039 1985 1132 2053 plane

122 2061 304 2130 constiterit,
334 2077 399 2118 cum
428 2062 465 2116 ab
493 2063 567 2130 ipsis
588 2062 619 2114 iu
639 2059 772 2116 diversos
794 2067 822 2114 et
843 2062 1002 2116 contrarios
1026 2079 1131 2119 sensns

124 2142 293 2210 accipiatur.
337 2139 428 2207 Quam
451 2139 488 2195 ob
511 2155 626 2194 causam
647 2140 748 2194 Petrus
764 2139 945 2196 Lombardns
959 2139 1131 2214 Episcopus

89 2249 95 2258 ·
122 2219 295 2276 Pariaiensir
316 2235 374 2276 non
397 2219 545 2274 dubitavit
574 2219 670 2274 dicere
699 2219 751 2274 lib.
770 2219 795 2272 l.
826 2220 951 2274 Sentent.
983 2219 1057 2276 dist.
1083 2222 1127 2276 tt.

120 2297 237 2355 Brutum
257 2299 437 2370 Augustianos
458 2309 512 2354 tom
532 2302 609 2354 carie
629 2309 655 2353 et
675 2300 786 2356 ocreae
814 2300 847 2354 de
870 2301 1130 2369 praedestinatione

122 2381 237 2434 locutum
250 2381 357 2451 fuisse,
380 2389 423 2443 ut,
446 2381 512 2451 quid
532 2381 681 2450 intelligere
701 2379 829 2443 uoluerit,
856 2381 1003 2450 ignoretur.
1050 2381 1128 2436 Ean-

122 2457 245 2530 demque
267 2459 305 2514 ob
327 2475 443 2514 causam
467 2459 607 2514 Claudius
636 2459 671 2512 de
691 2459 812 2514 Xaintes
833 2457 997 2529 Episcopus
1019 2459 1130 2516 Ebroi-

119 2540 215 2602 censis
246 2539 279 2592 in
310 2538 388 2592 libro
419 2535 635 2595 Atheismornm
668 2538 785 2594 Caluini
818 2544 900 2592 tract.
925 2537 950 2592 7.
988 2543 1126 2607 asseruit,

119 2618 156 2672 D.
173 2618 368 2690 Augustinnm
390 2633 448 2672 non
471 2617 592 2671 eandem
613 2633 733 2688 semper·
747 2618 927 2686 sententiam,-
949 2617 999 2672 sed
1021 2621 1127 2688 plures

116 2713 154 2753 ac
168 2699 256 2768 plane
272 2695 401 2752 diversas
417 2697 494 2751 circa
508 2699 677 2767 mysterium
691 2695 963 2768 praedestinationis
982 2702 1126 2767 tenuisse,

119 2791 322 2848 necunquam
345 2777 413 2832 satis
434 2783 558 2834 mentem
580 2793 661 2830 snam
683 2777 838 2848 apernisse,
862 2777 1008 2848 quodibi
1030 2780 1125 2834 fusius

121 2855 257 2910 declarat.
302 2855 380 2923 Quae
402 2871 467 2910 cnm
489 2857 531 2910 ita
558 2871 588 2910 se
616 2856 759 2923 habeant,
789 2871 846 2910 non
875 2863 918 2911 est
945 2857 1027 2926 quod
1060 2861 1125 2932 quis

119 2938 275 3008 corrogatis
297 2944 325 2990 et
346 2937 486 2991 truncatis
507 2935 620 3006 aliquot
642 2935 676 2988 D.
699 2935 857 3008 Augustini
879 2937 1076 3006 testimoniis,
1100 2945 1124 2993 et

118 3021 217 3070 contra
237 3015 319 3068 illius
341 3023 465 3070 mentem
486 3015 565 3070 haud
588 3015 677 3070 dubie
699 3016 856 3070 intellectis
886 3013 1022 3070 stabilire
1053 3019 1124 3073 velit

118 3102 154 3148 et·
173 3108 356 3164 propugnare
387 3095 557 3159 sententiam
586 3103 644 3150 tam
675 3103 773 3164 aperte
795 3095 952 3165 scripturis
981 3100 1077 3152 sacris
1097 3103 1123 3152 et

120 3173 261 3228 Conciliis
281 3183 499 3245 repugnantem.

509 3387 722 3400 -——-——--
