2304 3888
374 151 414 196 ua
429 151 523 196 namu
539 140 668 195 uturum
954 129 1013 200 tat

25 271 84 324 Per
107 271 307 326 maledicatiam
324 272 403 324 anim
418 271 530 324 tannis
538 279 696 340 peccatores
709 272 845 324 ιιιιιιιίιιιιί
856 281 918 326 aunt
931 273 1015 326 multi.

25 349 126 420 Neque
146 352 220 405 enim
241 350 346 404 melius
374 350 516 420 explicari
535 355 654 422 potest,
682 347 826 420 quomodo
851 349 883 404 id
910 352 1015 406 iactum

25 430 123 500 fucrit,
144 445 227 500 quam
249 430 319 500 quia
338 435 525 499 praeceptum
545 427 623 482 illud
644 427 756 483 Adime
777 430 946 499 impositum
968 431 1014 498 sit,

25 517 57 562 ut
85 508 213 582 principi
234 517 268 565 ct
295 507 388 583 capiti
406 509 501 576 ,totius
521 509 642 580 humani
661 509 849 581 genaristtip
862 508 954 584 ,opus
972 511 1016 582 sic

24 589 147 658 spectati
166 589 314 642 voluntate
340 601 437 642 omnes
463 587 592 642 omnium
607 585 680 658 ,ejus
708 595 886 657 posterorum
914 589 1017 642 volun·

22 675 117 734 tates,
143 665 356 738 quodammodo
383 666 619 738 continebantur,
647 681 706 720 uon
733 676 814 722 secus
835 681 869 720 ac
890 667 1019 722 subdito-

22 763 89 802 rum
111 747 271 802 voluntates
290 747 322 800 iu
341 747 485 816 principis
503 747 694 801 voluntatect
708 753 801 801 motrrs
815 761 914 801 omnes
928 761 1018 800 mam·

22 827 141 882 morum
161 827 321 882 voluntarii
341 826 459 895 imipra
475 825 592 883 ,animae
613 825 771 880 voluntate.
812 862 817 868 .
857 845 884 866 2·

84 933 114 984 5.
155 927 278 997 Quaeres
299 929 327 1002 3.
351 945 402 985 cur
421 927 645 984 Dena‘voluerit
665 928 791 997 Adamo,
814 937 845 984 ut
866 918 955 1000 capiti
976 938 1018 1004 to-

23 1009 79 1063 tius
105 1009 223 1064 humani
245 1009 373 1082 generis,
396 1025 452 1064 non
473 1022 540 1064 uero
555 1015 664 1064 tantum
679 1017 711 1064 ut
725 1005 860 1080 privatae
868 1023 1017 1080 personae,

22 1087 101 1142 illud
121 1089 306 1144 obedientiae
327 1095 512 1159 praeceptum
528 1089 695 1158 imponere,
722 1089 800 1161 quod
822 1098 914 1146 tamen
936 1099 1020 1160 prae·

24 1167 144 1222 videbat
165 1167 203 1222 ab
224 1169 289 1239 ipsc
312 1182 370 1256 esse
391 1167 617 1249 infringendum

84 1263 301 1334 Respondetur‚
330 1251 388 1340 non
416 1280 476 1320 esse
500 1257 649 1332 nostrum,
677 1263 710 1319 id
738 1251 878 1321 curiosius
900 1267 1019 1320 investi

24 1360 106 1414 gare,
137 1343 188 1398 sed
209 1345 299 1406 satius
322 1335 399 1411 ease,
427 1343 577 1402 humiliter
598 1359 760 1415 agnoscere
773 1353 800 1398 et
821 1345 965 1412 confiteri,
984 1340 1021 1401 id

21 1419 202 1498 justissimo,
232 1423 303 1477 licet
323 1425 519 1478 occultissimo
541 1421 595 1496 Dei
612 1421 728 1493 judicio
751 1423 855 1496 iactum
885 1440 960 1490 esse,
990 1432 1022 1480 ut

24 1501 150 1574 ingenue
178 1493 331 1556 fateturS
354 1504 536 1574 Augustinus
564 1504 595 1556 in
621 1501 707 1556 libris
735 1511 836 1558 contra
857 1503 1019 1574 lulianum,

24 1587 49 1636 et
81 1583 109 1636 S.
133 1581 297 1649 Bernartius
328 1598 410 1637 serm
436 1582 460 1636 1
481 1581 529 1634 de
555 1577 687 1636 Domi.
722 1589 785 1652 post
812 1581 1020 1652 Epiphanium

25 1659 108 1716 Unde
130 1655 298 1753 Apostolus
326 1641 480 1732 postquam
507 1659 584 1715 dixit
610 1659 691 1716 Rom.
716 1661 761 1716 11.
791 1661 867 1732 qnod
895 1665 1022 1719 conclusit

26 1739 99 1794 Dens
122 1743 213 1794 omnia
235 1743 263 1792 in
285 1741 480 1804 incredulitate,
503 1750 532 1794 at
546 1742 660 1795 omnium
666 1735 839 1817 inicerentur,
864 1738 1021 1816 exclamat.

27 1837 103 1888 quam
127 1821 421 1890 incomprehensibilia
426 1829 487 1874 sunt
499 1821 609 1888 judicio
623 1821 687 1890 ejus,
711 1830 736 1876 et
751 1809 949 1890 invectipubilec
963 1823 1023 1900 uiae

26 1900 97 1968 et'uo!
123 1899 190 1965 Quis
212 1901 281 1954 enim
301 1901 423 1976 coyncct't
443 1917 548 1954 semum
568 1899 699 1952 Domini!
763 1959 765 1964 X

84 1994 278 2064 Quaerere
294 1994 438 2066 quomodo
468 1996 530 2050 fleri
537 1997 665 2064 possit,
697 2003 739 2055 ut
758 1997 857 2050 anima
853 1959 1028 2067 cujusquo

26 2074 154 2131 hominis
176 2081 277 2143 peccat
278 2091 326 2130 um
348 2075 425 2128 illud
441 2075 583 2146 originale
598 2075 634 2130 ab
649 2075 762 2142 Adamo
777 2075 938 2142 contrahat,
958 2091 1024 2134 eunt

28 2153 60 2207 ab
82 2155 141 2210 ilio
163 2169 221 2209 non
243 2155 352 2210 oriatur
372 2171 423 2224 per
444 2155 680 2226 generationem,
704 2153 756 2210 sed
784 2152 1024 2211 adDeo·'1mma÷

28 2231 103 2288 dicte
128 2240 255 2301 creetur,
279 2240 308 2289 et
328 2235 444 2303 corpori
463 2231 644 2290 infundatur.
668 2295 669 2300 η
752 2285 755 2296 ,

84 2328 308 2398 Respondetur‚
329 2337 480 2398 peccatum
501 2329 579 2384 illud
603 2330 743 2397 contrahi,
766 2329 1026 2399 quatenus-anima

28 2408 181 2465 rationalis
209 2424 230 2462 ιι
248 2407 432 2474 Dec-creata
461 2410 559 2463 unitm
587 2410 720 2478 corpori,
745 2408 826 2479 quod
854 2407 891 2462 ab
912 2408 1026 2462 Adamc
1091 2393 1102 2413 ⁸

27 2503 77 2557 per
99 2488 316 2559 generationem
338 2486 516 2544 ordinariam
538 2488 701 2555 derivetur,
727 2495 755 2542 et
769 2503 827 2558 ⁵per·
847 2488 922 2542 hano
940 2488 1025 2544 unio·

27 2583 92 2621 nem
117 2567 149 2622 dt
169 2581 235 2636 pars
257 2567 383 2632 hominis
405 2567 442 2620 ab
462 2567 691 2623 Adanu-ortum
711 2566 846 2622 habentis
854 2589 874 2635 ,ι’
892 2566 1025 2625 debentia

27 2648 125 2716 primo
147 2661 215 2700 snae
235 2645 430 2716 generationis
451 2645 572 2703 instanti
585 2647 694 2701 habere
708 2649 888 2703 sanctitatem
901 2654 935 2700 et·
940 2645 1028 2716 justi·

29 2729 98 2781 tiam
114 2727 146 2778 in
163 2740 195 2780 ca
209 2727 254 2779 uni
267 2733 366 2795 perte,
380 2739 457 2796 qnae
469 2725 560 2782 illius,
571 2725 723 2787 habendae
740 2741 838 2795 capax
859 2733 918 2792 est,
939 2731 1026 2794 quam

30 2821 96 2860 cnm
117 2820 177 2859 uon
206 2804 312 2860 habeat
336 2805 432 2874 primo
459 2805 514 2866 illo
541 2815 700 2873 momento,
729 2806 878 2861 invenitur
903 2803 1027 2874 proinde

28 2887 168 2956 privatus
190 2883 308 2954 justitia
332 2897 366 2938 ac
394 2885 544 2940 sanctitate
576 2885 690 2951 debita,
723 2892 754 2938 et
779 2899 816 2938 ex
843 2883 1029 2954 consequenti

7 2971 8 2982 ¹
30 2965 203 3035 inquinatus
224 2964 362 3034 originali
381 2971 510 3034 peccato,
531 2965 611 3035 qnod
633 2963 676 3035 (ut
699 2964 808 3018 dictum
830 2962 886 3036 est)
901 2963 932 3017 in
948 2965 1030 3018 illinc

28 3043 210 3113 justitiaene
230 3042 390 3098 sanctitatis
411 3043 576 3115 privatione
596 3043 755 3098 formaliter
776 3045 917 3098 consistit«
946 3041 1031 3111 Quod

31 3125 54 3178 si
77 3123 128 3176 cui
150 3122 221 3176 haec
239 3122 348 3180 ‚solutio
365 3122 456 3190 plene
478 3137 535 3176 non
557 3123 698 3178 satisfacit
718 3124 749 3176 in
771 3123 827 3176 hac
849 3125 1028 3194 quaeautma,

32 3217 108 3273 quae
136 3201 185 3255 vel
211 3202 270 3270 ipsi
299 3202 327 3256 S.
352 3201 516 3272 Augustino
546 3202 722 3259 difficillima
749 3217 868 3278 semper·
888 3203 951 3256 visa
979 3204 1029 3267 est,

31 3280 137 3336 audiat
156 3283 251 3350 ipsum
271 3287 403 3334 sanctum
425 3279 575 3335 Ductorem
596 3281 689 3352 Epist.
711 3279 759 3335 39.
782 3279 818 3334 ad
836 3283 867 3336 ὃ.
891 3281 1031 3348 Hierony·

31 3377 128 3427 mum,
157 3359 209 3415 ubi
239 3359 328 3424 dicit,
351 3359 479 3429 eufficcre
505 3361 582 3414 nodia
600 3361 706 3424 dedda
729 3371 758 3414 ιιι
778 3363 896 3420 aciamus
914 3361 1027 3423 ιιιιιάιιιιι,

31 3457 83 3511 prae
104 3439 142 3494 alt
159 3439 290 3508 aripinaii
305 3448 419 3508 peccota
441 3439 554 3500 liberati
569 3455 729 3510 mammea,
754 3441 868 3494 stand·
882 3441 1031 3494 nesciam
1143 3481 1144 3502 t

31 3521 152 3584 maan,
174 3535 227 3591 qao
247 3520 276 3573 u
295 3519 364 3574 etna
384 3519 582 3588 ιιιιιιιιιιι.1
1142 3527 1144 3618 J
