2316 3892
982 2 1082 9 -v—-w-

430 169 469 214 ιι
491 163 611 215 manta.
954 149 1014 218 itt

32 291 96 344 solet
121 287 300 362 ignobil‘mri
316 287 428 360 spousi
455 287 696 359 nomeugeueris
716 289 917 360 ιριιιοιιιιιιιι
944 305 968 345 e.
984 307 1012 361 g.

31 383 124 424 nomen
147 369 310 441 genoricum
332 367 467 424 animalis
488 369 677 425 eommuniter
698 367 792 422 brutis
813 368 962 426 ιιιιιιιιιι.

80 449 105 502 ι.
150 445 368 504 Observandum
390 455 449 514 est,
470 447 552 522 hano·
567 447 705 519 gratiam,
727 463 792 502 eum
814 463 871 502 non
893 449 930 502 ad
948 465 1016 520 pro-

31 530 112 597 priam
141 527 414 593 sanctificationem,
443 525 495 580 sed
523 535 634 581 tantum
656 527 691 580 ad
714 527 837 582 aliorum
859 529 1015 584 utilitatem

32 607 208 674 concedatur,
244 621 335 678 aequo
365 601 566 676 peecatoribus
598 621 632 661 ao
655 605 744 676 justis
776 605 875 660 tribul.
927 607 1014 664 Unde

31 685 165 743 hblatth
182 686 208 755 ι.
232 686 363 749 Christus
385 686 525 742 Dominus
547 685 666 754 dieii,
657 702 688 742 ιι
712 684 767 742 die
775 684 887 772 judieii
905 688 1014 779 multos

32 765 125 858 impios
147 773 175 820 et
194 766 332 835 reprobos
355 763 430 822 sibi
439 763 595 823 dicturos:
614 765 752 831 Domine,
779 765 876 820 noune
903 763 935 818 in
962 759 1014 821 ιιι-

32 846 96 900 nine
124 854 173 900 tuo
198 829 436 924 prophetanimus
465 844 604 898 etalii
630 847 657 898 S.
680 845 857 916 Augustinus
886 843 939 899 lib.
962 844 1011 902 83.

31 926 236 992 quaestionum,
266 919 373 994 quaest.
392 923 437 980 79
468 923 557 989 dicit,
584 937 672 995 pesse
698 923 823 994 aliquem
846 939 903 978 non
925 923 1011 980 modo

30 1011 210 1071 peecatorem,
236 1004 291 1057 sed
319 1003 406 1058 etiam
426 1003 575 1057 infidelem
597 1005 787 1074 prophetaret
809 1004 952 1058 mittenda
969 1005 1013 1058 la»

32 1096 99 1150 tere,
139 1081 292 1138 daemonas
327 1081 473 1153 expellere
507 1084 539 1136 iu
573 1083 711 1138 honorem
742 1083 886 1190 nominis
902 1083 1012 1191 Christi

32 1163 145 1218 homini
858 1189 862 1196 ·

79 1245 104 1297 5.
146 1241 246 1296 Gratia
267 1251 376 1294 autem
374 1248 497 1312 gratum
525 1241 637 1295 iseierts
663 1237 714 1304 (de
743 1255 802 1312 (ιιι
827 1194 1012 1312 potissimum

31 1322 53 1372 in
71 1321 123 1376 hoe
144 1325 266 1376 isae'tatu
289 1319 434 1392 agendum
455 1319 542 1374 nobis
563 1315 644 1392 erit)
660 1337 694 1379 ea
715 1329 771 1386 est,
802 1335 875 1392 quae
901 1335 954 1390 per
980 1335 1012 1376 ss

31 1403 111 1468 ιιιιιιο
133 1401 271 1471 dieigitut
291 1408 319 1454 et
340 1399 492 1454 ordinatur
514 1399 551 1453 ad
571 1401 733 1465 hominem,
755 1400 786 1453 in
798 1415 860 1470 quo
873 1407 924 1467 est,
946 1401 1012 1454 stiu-

32 1480 220 1546 edicendum,
248 1488 276 1532 st
297 1477 453 1534 amabilem
475 1493 509 1532 ae
530 1488 641 1549 gratum
664 1479 724 1533 Deo
745 1479 934 1534 reddendum.
975 1479 1013 1534 iit

32 1558 89 1613 haee
115 1561 203 1632 longa
230 1559 348 1630 dignior
375 1566 432 1625 est,
461 1571 547 1628 qoam
576 1560 679 1630 gratia
697 1560 785 1629 gratis
806 1558 882 1614 osta
924 1557 1011 1615 Unde

32 1639 174 1707 Apostolus
196 1640 260 1692 loeo
282 1639 384 1704 oitato,
408 1637 562 1706 expliostia
584 1639 673 1694 variis
692 1639 777 1692 istius
798 1639 909 1710 gratiae
917 1639 1012 1710 grette

33 1717 102 1772 datae
128 1717 297 1795 generibus,
331 1717 389 1769 ad
385 1718 516 1772 meliora
543 1718 716 1772 aemulanda
737 1719 941 1786 eharismaia,:
956 1720 1012 1774 hos

32 1805 78 1863 eet,
98 1799 135 1852 ad
156 1788 276 1870 gratiam
299 1808 410 1868 gratum
425 1797 578 1850 iaeieutem
591 1797 749 1867 optandam
764 1798 911 1852 hortaturi
929 1797 1013 1863 ideo·

34 1887 75 1944 que
95 1885 211 1948 propter
231 1875 433 1950 excellentiam
453 1889 487 1929 ao
508 1875 679 1947 dignitatem
706 1876 764 1932 sibi
791 1877 940 1948 propritim
963 1877 1012 1932 ab·

33 1957 111 2012 solute
126 1963 159 2012 et
180 1945 352 2025 simpliciter
373 1956 465 2027 gratia
486 1951 607 2022 dieitur,
628 1963 658 2010 ei
673 1955 879 2072 subdividitur
894 1957 930 2071 ιι
947 1971 1011 2030 gra·

33 2036 88 2090 tiam
103 2031 287 2091 habitualem
308 2042 338 2090 et
357 2035 477 2108 gratiam
493 2031 658 2090 actualem-¹

79 2115 104 2170 6.
146 2113 248 2169 Gratia
268 2113 429 2168 habitualis
448 2121 494 2166 est
509 2127 561 2179 ea,
589 2127 665 2184 quae
683 2129 736 2183 per
755 2114 872 2168 medum
894 2113 1014 2168 habitam

34 2207 71 2247 seu
90 2190 238 2266 qualiiatis
259 2193 454 2264 permanentis
474 2191 616 2248 diuinitus
644 2193 826 2260 infunditur,
855 2195 1011 2264 enistiiqut

34 2271 57 2324 in
73 2275 171 2344 nobis,
193 2275 265 2328 lieet-
285 2280 351 2328 actu
371 2288 429 2328 non
451 2276 615 2342 operemur.¹
653 2272 746 2344 Hujus
759 2272 927 2329 habitualis
949 2288 1013 2344 gra-¹

34 2352 78 2406 tiae
102 2353 210 2409 mentio
236 2355 268 2406 fit
294 2354 326 2406 ιι
354 2353 445 2406 variis
474 2351 649 2422 Scripturae
666 2353 759 2406 litatis.¹
790 2351 831 2408 Ut
854 2351 948 2406 Isaiae
959 2351 1010 2406 vii.

34 2429 177 2502 ιιιιιιωωι
195 2446 278 2502 saper
291 2449 351 2486 eam
364 2431 484 2502 Spiritus
497 2429 616 2486 Domini.
653 2433 680 2486 St
692 2432 782 2487 doam
799 2430 846 2486 lt.
861 2432 911 2485 old
925 2433 1012 2502 ipsam

34 2514 150 2568 nauteam
178 2521 204 2566 et
230 2507 582 2581 mamaeam-apuam
598 2511 743 2580 foetemus.
788 2509 816 2566 1.·-
836 2511 863 2564 Sa
879 2511 963 2566 ioan.
980 2510 1008 2565 3.

36 2589 76 2649 Qtu'
93 2593 172 2648 notus
189 2601 234 2646 eat·
253 2607 285 2646 eu
297 2592 372 2656 Deo,
389 2600 531 2661 peceatum
551 2607 605 2644 aaa
619 2590 707 2662 facite
731 2592 796 2661 gaio
812 2602 904 2644 semea
916 2589 1010 2660 restas

35 2669 55 2720 ιι
78 2687 104 2725 eo
130 2664 229 2726 mouet,
270 2668 384 2726 Etenim
413 2671 594 2740 requiescere
622 2678 806 2736 et‘manene5
832 2677 899 2726 sunt
924 2683 1011 2724 uoces

36 2749 216 2820 significantes
227 2749 407 2804 'habitualem
421 2757 450 2802 et
464 2749 628 2804 durabilem
643 2751 840 2815 existentiam,
863 2765 921 2822 qua
935 2749 1012 2802 Deus

1083 2 1141 9 ,--.-..

36 2827 58 2878 io
82 2833 176 2886 anima
198 2830 272 2901 justi
299 2837 412 2884 maneat
438 2843 491 2898 per
517 2829 638 2900 aliquod
660 2829 767 2884 donum
789 2829 917 2899 speciale
936 2843 1011 2882 eam·
1123 2889 1129 2899 ¹

37 2920 79 2974 que
103 2909 255 2964 inhabitet
295 2909 332 2964 Et
360 2909 388 2963 S.
403 2909 582 2978 Augustinus
610 2909 692 2979 epist.
707 2909 755 2964 85.
785 2910 906 2980 gratiam
927 2907 1011 2962 illam

36 2999 105 3042 votat
122 2989 269 3044 interioris
289 2988 418 3042 hominis
436 2987 703 3058 pulohritudinem,
725 3003 844 3058 eamque
866 2988 967 3042 asserit
981 2987 1012 3041 in

37 3069 149 3130 parvulis
172 3079 286 3138 quoque
306 3076 373 3138 post
394 3067 572 3138 baptismum
594 3081 748 3122 remanere.
782 3067 820 3123 Et
839 3069 868 3122 6.
884 3067 1013 3138 cyrillus

37 3143 178 3202 Alexandr.
201 3147 252 3201 lib.
268 3147 295 3200 4.
318 3150 349 3201 ιι
371 3145 474 3202 Isaiam
496 3154 566 3201 orat.
582 3146 609 3201 2.
640 3147 762 3201 eandem
790 3149 911 3218 gratiam
939 3147 1013 3200 dieit

37 3236 85 3280 esse
104 3230 235 3282 ornatum
256 3228 385 3293 animae,
408 3226 513 3300 illique
532 3226 660 3280 insidere
682 3241 715 3280 ao
737 3225 895 3282 inhaerere.

84 3303 180 3360 (iratis
201 3313 294 3361 autem
316 3307 438 3360 actualis
459 3318 492 3358 ea
510 3314 567 3372 est,
590 3316 666 3378 quae
678 3305 816 3360 tribuitur
829 3322 881 3376 par
895 3303 1012 3360 modum

38 3389 101 3438 tetus
122 3401 170 3440 seu
191 3385 368 3456 operationis
389 3385 580 3450 transeuntia,
610 3385 799 3456 consistitque
821 3387 852 3439 in
874 3385 932 3454 piis
951 3399 1014 3439 mo·

38 3457 99 3516 tibus
117 3466 280 3520 intellectus
302 3472 331 3520 et
348 3463 521 3531 voluntatis,
544 3479 614 3535 quos
636 3464 714 3518 Deus
735 3464 766 3518 in
788 3461 876 3518 nobis
894 3466 1010 3528 excitat,

39 3536 139 3612 illisque
159 3559 211 3600 nos
234 3545 371 3616 adjuvat,
401 3544 446 3597 vel
469 3544 506 3596 ad
525 3541 634 3598 bouum
656 3543 748 3598 libere
767 3543 1011 3614 prosequendum,

783 3617 851 3683 n*
