2324 3886
397 141 451 195 ¹ott
468 137 638 188 ιιιιιιιιι.
827 125 832 136 ’
959 124 1023 192 dit

17 259 75 316 diei
98 263 349 333 generationem
364 263 489 332 Spiritus
517 263 610 318 esnott
637 261 944 332 voroprodutnouem
967 279 1020 320 noe

17 355 75 395 esse
98 357 162 397 neo
182 341 242 397 diei
262 358 346 412 posse
368 344 597 413 generationem,
619 358 682 396 oum
705 356 741 396 ex
759 342 857 398 eadem
871 343 943 398 Fide
960 359 1019 402 oer-

17 429 73 474 tnm
97 423 151 489 sit,
173 423 258 476 illum
272 437 333 478 noc
355 439 415 477 esse
429 437 489 476 neo
506 421 564 476 dioi
579 433 664 491 posse
679 421 772 475 Patris
787 427 814 474 et
828 422 899 478 Filii
913 423 1016 492 fliium,

15 515 63 553 uec
86 501 216 558 eb‘illis
244 505 388 574 generari,
418 501 469 556 sed
498 501 660 570 prooedere.
687 500 793 568 'Quod
822 509 1016 558 oonstattnm

16 595 48 632 ex
62 581 229 651 scripturis
249 581 445 651 autoretatis,
468 589 527 636 tum
549 597 585 636 ex
606 581 742 635 omuibus
756 579 838 634 Fidei
849 581 1014 650 symbolis,

16 659 122 728 quibus
140 661 278 716 vEcclesia
299 662 443 716 ootholioa
462 663 561 720 utitur.
605 660 697 726 Quare
718 659 869 714 humiliter
886 662 1015 728 profiteri
1107 699 1112 705 ,

17 739 140 810 quisque
161 742 265 796 merito
289 748 385 811 potest
414 755 478 796 oum
501 741 528 794 ιι
553 741 728 796 Damascene
756 739 809 792 tib.
834 737 860 792 1.-
889 737 925 792 tte
944 739 1015 796 Fide

16 819 146 888 tap.10.·
191 821 396 874 Generatiottem
418 821 623 890 aptoeessdotto
645 820 755 890 differm
769 818 936 888 ‘compertus
962 821 1014 874 bot·

16 898 116 964 bernus,
151 901 204 954 sed
234 903 294 972 quis
317 901 495 971 differentiae
523 901 629 962 modos,
666 902 828 968 iynorunuts.
880 899 917 952 Et
947 913 1013 952 oum

17 977 40 1030 S.
62 981 233 1050 Augustino
254 979 306 1035 lib.
328 980 355 1032 3.
379 987 479 1034 eontra
499 977 689 1032 Maximinum
712 994 775 1048 nep.
798 977 843 1032 14.
878 978 948 1039 outo
966 979 1013 1030 iau

17 1061 87 1111 tersit
105 1061 190 1113 ”inter
215 1062 292 1114 aoaot'
319 1069 346 1113 et
367 1061 530 1130 proaedere,
564 1061 633 1112 inter
661 1059 734 1113 ittam
761 1059 962 1127 qenerott'oaom
988 1065 1013 1111 et

19 1137 79 1191 boae
95 1141 309 1208 protestabatur,
333 1141 497 1208 distioyuere
518 1140 614 1202 neseio,
634 1153 690 1190 non
711 1139 794 1201 ooleo,
817 1153 870 1190 oon
890 1135 1013 1207 t'tttfficio,⁸

16 1221 216 1284 generationem
237 1220 312 1272 illam
331 1221 394 1290 qnia
413 1218 579 1309 enarrabit!
603 1227 629 1271 et
643 1219 843 1287 processionem
864 1217 940 1270 tono
953 1219 1014 1287 qais

18 1299 176 1355 nonanto!

346 1491 577 1588 suenio
619 1520 678 1584 ιι
712 1493 714 1498 ’
816 1559 818 1566 .

60 1649 138 1722 Quo
162 1663 265 1706 seusu
289 1637 639 1818 seoundsvtnrbdltgiuts
662 1661 806 1738 puseus
828 1645 967 1706 vocetur

76 1851 104 1905 1.
147 1850 226 1904 Inter
253 1851 339 1919 plura
366 1851 501 1916 nomino,
534 1863 608 1920 queo
638 1857 751 1920 praeter
779 1851 875 1918 ipsum
905 1853 1011 1904 nomon

22 1927 83 1983 titii
105 1929 279 1985 secundae
269 1945 302 1983 ru
324 1929 433 1983 divinis
454 1943 595 1999 personae
610 1929 699 1984 ιιιιιι
713 1929 745 1982 in
759 1927 832 1984 loeis
848 1929 1012 1998 Soripturos

24 2009 199 2078 tribuuntur,
226 2025 323 2064 unum
338 2015 396 2077 est,
422 2007 501 2078 quod
521 2009 649 2079 aliquem
671 2008 1013 2078 omlimtiouemrequi

24 2105 78 2144 rere
100 2088 230 2155 videtur,
254 2089 368 2143 scilieet
389 2103 492 2143 nomen
514 2087 615 2142 Verbi.
652 2088 737 2144 Siros
757 2085 837 2158 qood
858 2087 957 2158 quaeri
978 2087 1010 2141 iu

23 2167 120 2236 primis
145 2173 256 2237 potest,
284 2183 321 2222 an
341 2164 471 2222 Verbum
493 2169 523 2222 in
546 2167 654 2222 divinis
675 2169 715 2222 sit
733 2179 836 2224 nomeu
857 2165 1011 2235 personate

23 2249 166 2318 proprium
186 2247 266 2322 Filii.
309 2248 415 2302 Verum
438 2255 591 2316 antequem
605 2247 840 2316 respondeamus

80 2325 298 2384 Observandum
322 2334 363 2382 est
386 2325 412 2381 1.
440 2325 639 2382 Verbumhio
665 2327 762 2396 sooipi
788 2339 842 2395 pro
870 2330 1010 2394 oouoeptu

26 2405 198 2472 intellectus,
221 2407 259 2460 de
281 2405 362 2478 eujus
383 2407 494 2460 ratione
516 2413 574 2472 est,
595 2405 675 2476 quod
695 2405 733 2460 ab
754 2404 813 2460 olio
834 2401 982 2473 procedet.

79 2486 297 2544 Observandum
324 2491 366 2540 est
386 2485 413 2540 2.
442 2501 586 2556 magnum.
607 2501 666 2539 esse
691 2485 848 2539 discrimen
868 2483 943 2537 iuter
964 2483 1009 2536 in·

25 2565 148 2636 telligere
169 2573 196 2620 et
214 2565 313 2620 dicere
333 2567 365 2619 in
380 2565 465 2618 rebus
492 2565 710 2634 spiritualibus:
739 2563 903 2634 intelligere
931 2562 1009 2616 enim

25 2645 152 2714 importat
165 2645 255 2700 solam
270 2645 472 2712 habitudinem
486 2645 677 2716 intelligentis
692 2644 730 2700 od
742 2659 802 2698 ιιιιι
813 2640 1006 2708 intellectam
1053 2657 1057 2664 ’

27 2731 134 2778 atvero
152 2723 251 2779 disere
272 2725 410 2794 importat
430 2725 634 2794 principaliter
653 2723 738 2778 habit
739 2723 857 2780 udinem
879 2721 916 2774 sd
936 2721 1008 2774 Ver·

24 2802 85 2857 bum
106 2807 291 2874 conceptum,
314 2820 364 2858 seu
379 2803 422 2858 ad
442 2804 624 2858 terminum
615 2804 707 2896 rusius
730 2801 953 2867 ιιιιιιιιοιιοιιιις
974 2801 1006 2852 in

25 2882 72 2936 illo
93 2883 172 2936 nullo
191 2885 364 2952 importatur
385 2884 508 2955 originis
534 2884 624 2950 ιιιιιι,
653 2884 684 2936 in
704 2883 760 2936 isto
781 2897 851 2939 vero
870 2881 1005 2969 maxime.

27 2961 71 3014 His
88 2962 280 3018 observatis
347 3017 352 3024 ,
556 2983 558 2988 ·
868 2989 870 2996 v
903 2991 905 2994 ·

79 3041 234 3097 Dicendum
263 3049 319 3109 est,
348 3031 506 3096 Verbum
496 3058 528 3096 ιιι
555 3041 681 3108 divinis,
710 3039 827 3110 proprie
855 3047 882 3094 et
906 3041 1006 3094 striote

26 3119 174 3189 loquendo,
196 3137 258 3176 esse
277 3137 381 3176 nomen
404 3122 557 3190 personale
576 3121 732 3191 proprium
746 3119 823 3176 Filii.

78 3199 214 3255 Probatur
244 3201 270 3256 1.
299 3217 335 3256 ex
358 3202 513 3270 Scriptura.
565 3202 591 3255 S
614 3201 698 3256 doen.
724 3197 748 3253 1.
795 3199 915 3254 Verbosa-
941 3211 1006 3252 earo
1049 3174 1055 3191 ¹
1152 3201 1153 3214 ¹

22 3280 115 3345 sontum
134 3289 185 3346 est,
210 3287 240 3334 et
258 3281 356 3336 aliis
345 3296 378 3334 ιιι
399 3280 481 3334 loeis.

77 3357 261 3416 Probatus.
292 3375 328 3414 ex
357 3360 384 3413 S.
405 3359 570 3430 Augustino
597 3359 649 3415 lib.
663 3358 706 3413 6
730 3359 765 3413 do
793 3357 897 3414 'trinit
927 3371 951 3412 o
972 3354 1002 3408 ι.

33 3435 131 3492 Verbum
149 3440 222 3492 sotus
232 3440 318 3494 Filios
340 3440 485 3508 annuitur,
503 3446 536 3492 et
555 3437 609 3492 lib.
623 3437 660 3492 do
681 3439 794 3494 Haeret.
818 3454 842 3494 o
853 3436 904 3491 tt.
933 3433 1004 3490 Alo·

30 3518 119 3587 gianos
137 3527 262 3574 recenset
282 3521 359 3576 iuter
380 3519 560 3586 Haeretioos,
588 3517 665 3589 quod
688 3525 715 3572 et
732 3515 805 3572 istit
826 3518 854 3569 S.
876 3511 1004 3582 Epiphe·

52 3613 132 3667 tutto,
150 3615 244 3658 mutto
259 3614 390 3669 theologus.
419 3613 436 3654 1.
805 3589 843 3654 12
