2316 3892
140 111 203 180 338
493 129 530 172 ur
554 127 782 174 ruccostrroua.

144 252 261 306 nomine
276 247 451 322 quandoque
462 249 494 306 iu
510 249 666 328 scripturis
681 247 859 322 designatur,
882 257 913 303 ut
932 250 975 304 Po.
992 249 1045 304 ¹5.
1067 251 1148 318 ,De-¹

143 330 297 384 hetotwoea
316 330 346 382 in
366 331 477 384 dexteru
491 338 538 384 tac
551 343 635 400 acque
649 329 777 398 infinum,
801 329 849 384 vel
869 329 964 398 potius
984 325 1148 399 supremos}

142 409 291 480 potestatis
313 407 376 479 ejus
396 409 592 480 participatio.
627 399 664 462 Et
684 407 726 462 sie
749 407 881 466 Christus
903 409 1047 466 Dominus
1071 409 1148 464 clici-3

143 497 189 544 tur
211 483 310 542 sedare
329 487 370 544 od
388 487 537 542 dextetam
559 485 667 554 Patris,
701 487 780 543 isin
802 494 943 558 qumtunr
963 488 1023 544 usi
1047 487 1148 542 Filius

143 568 203 638 ipsi
224 567 303 622 Patri
328 565 584 622 consubstantialia
612 579 653 621 oc·
670 566 797 636 preinde
822 573 960 638 paternae
984 555 1148 640 potestatis

144 655 173 704 at
199 647 310 720 gloriae
336 661 452 703 consors
480 654 509 700 et
531 647 695 716 particepa3
726 643 755 700 2.
780 647 812 700 in
834 655 972 716 quantum
993 647 1091 702 homo
1112 643 1148 720 acl

146 725 274 798 ejusdem
296 727 405 797 gloriae
426 741 460 780 ac
473 727 624 796 potestatis
639 725 816 780 consortium
830 727 1148 796 emancipationem}

145 807 257 884 ratione
278 805 394 861 unionis
415 805 632 876 hypostaticae,
658 803 800 860 admissus
820 809 849 862 et
869 821 887 859 a
908 806 968 861 Dec
990 806 1085 860 Patre
1107 809 1148 858 su*

146 901 260 956 prensus
282 885 410 940 omnium
431 900 483 938 rex
503 892 553 940 aut
569 883 663 954 judex
685 885 873 952 constitutus,
895 892 927 940 ut
948 901 986 940 ex
1007 885 1093 940 inira
1108 885 1148 956 di-¹

143 964 246 1021 'cendia
268 963 428 1030 constabit3
450 971 478 1019 et
499 979 532 1018 eo
553 979 639 1018 sensu
660 961 746 1018 occet
765 963 794 1018 8.
810 961 935 1018 'ihomas
958 980 983 1032 a.
1002 965 1032 1018 4.
1060 965 1148 1020 solius

53 1086 61 1101 .
149 1043 256 1098 christi
277 1045 427 1114 proprium
448 1057 526 1110 esse,
548 1041 647 1112 sedere
668 1041 706 1096 ad
720 1041 865 1100 dexteram
880 1041 993 1110 Patris,
1017 1059 1078 1100 uec
1096 1045 1148 1120 ulli

145 1123 277 1195 Angelo,
299 1123 345 1178 vel
364 1121 478 1178 homini
498 1138 582 1196 posse
603 1121 766 1178 convenire.
1147 1125 1148 1128 ’

460 1281 690 1406 suerro
734 1320 902 1444 'vm
1015 1431 1018 1436 Ι

147 1455 633 1538 ,Baretta-protestamus
652 1461 1148 1553 chrhtollomlnoconpatlt,

211 1597 236 1662 1.
290 1599 405 1652 Certum
432 1594 523 1652 esti.
552 1596 698 1652 Christum
726 1595 882 1652 Dominum
910 1593 969 1650 nou
1002 1595 1090 1651 modo
1116 1607 1148 1660 ut

148 1677 257 1742 Deum,
286 1675 337 1731 setl
365 1677 452 1732 etiam
479 1681 512 1730 ut
532 1675 677 1730 hominem
700 1676 807 1746 regiam
828 1682 1002 1746 potestatem
1026 1685 1055 1731 et
1076 1691 1148 1728 sunr-¹

147 1772 224 1812 mam
244 1755 448 1810 authoritatem
469 1750 607 1809 habuisse
628 1755 705 1812 circa
726 1756 824 1809 omnia
844 1755 1035 1824 spiritualia,
1057 1757 1140 1809 itaut

147 1835 275 1906 potuerit
298 1831 439 1888 arbitratu
466 1849 517 1888 suo
545 1834 712 1901 instituere,
739 1835 907 1906 praecipere
936 1841 965 1888 et
992 1835 1139 1890 immutare

149 1927 337 1986 quaeeunque
364 1911 403 1968 ad
423 1911 572 1968 Ecclesiae
598 1911 793 1990 hierarchiam
816 1911 937 1986 ejusque
957 1920 1073 1972 statum
1092 1911 1148 1986 spi-¹

151 1993 286 2064 ritualcrn
307 1991 460 2064 pertiuent.
856 2001 857 2006 ’

147 2071 148 2076 ’
210 2073 286 2128 Haec
308 2075 430 2140 veritas,
458 2087 531 2144 quae
560 2071 596 2126 de
616 2071 689 2128 siue
710 2071 767 2142 e'st,
795 2079 907 2144 constat
927 2087 964 2126 ex
986 2088 1044 2144 eo,
1073 2067 1141 2143 quod

149 2155 181 2210 iu
202 2153 371 2225 Evangeliis
393 2151 514 2218 (licitur,
537 2153 682 2207 Christum
703 2151 859 2208 Dominum
880 2145 1018 2207 absolute
1042 2161 1071 2208 et
1089 2152 1148 2205 sine¹

150 2233 213 2288 ulla
232 2231 407 2290 limitatione
427 2235 569 2302 potestate
589 2231 644 2286 illa
665 2230 812 2302 spirituali
826 2235 909 2286 usum
922 2231 1035 2302 fuisse,
1057 2233 1139 2286 illius·

151 2328 206 2384 que
234 2313 340 2368 virtute
367 2308 472 2382 legem'
487 2319 611 2366 veterem
633 2311 802 2382 abrogasse,
833 2325 938 2366 novam
967 2305 1148 2370 condidisse,

150 2391 336 2448 Sacramenta
356 2389 539 2461 instituisse,
562 2399 680 2465 peecata
708 2391 851 2446 remisisse
872 2397 902 2444 et
920 2389 979 2444 alia
1004 2387 1138 2463 ejusmodi

151 2471 269 2539 iecisse,
292 2485 365 2542 quac
386 2471 502 2526 nonnisi
525 2467 562 2524 ab
583 2469 868 2526 habeutesummath
888 2469 919 2524 in
938 2469 1093 2526 Ecclesiae
1106 2482 1148 2522 ren

151 2547 259 2622 gimin'e
287 2550 489 2605 authoritatem
518 2549 580 2604 fleri
606 2556 771 2622 potuerunt
813 2549 887 2618 ¹Huc
914 2551 1045 2620 pertinet
1075 2544 1138 2604 illud

152 2625 198 2684 Ps.
213 2627 240 2685 2.
263 2629 325 2699 Epo
346 2639 435 2686 autem
456 2631 612 2683 remutatus
632 2647 690 2686 sum
710 2644 758 2684 rea
777 2630 813 2684 ab
834 2638 865 2683 eo
885 2645 966 2700 saper
988 2629 1061 2684 Sion
1074 2645 1137 2684 mcu-

152 2718 206 2764 tem
223 2717 346 2764 tuomum
365 2709 430 2779 p'uo.
1026 2717 1032 2736 ¹

146 2795 149 2803 ’
213 2790 327 2845 Certum
353 2795 398 2844 est
417 2786 446 2843 2.
479 2787 623 2842 Christum
652 2787 808 2844 Dominum
834 2801 895 2842 non
922 2785 1065 2844 habuisse
1092 2786 1135 2842 tale

152 2859 315 2925 dominium
336 2869 367 2923 in
389 2884 433 2924 res
456 2873 554 2922 omues
579 2867 768 2938 temporales,
796 2881 852 2938 qno
882 2867 944 2936 ipse
970 2861 1052 2923 solus
1079 2875 1137 2922 esset

152 2963 389 3020 quarumcunque
410 2963 504 3003 rerum
525 2947 727 3016 temporalium
749 2945 912 3014 domitius,
927 2947 970 3002 ita
994 2955 1030 3000 ut
1049 2947 1135 3002 nullus

151 3034 264 3096 praeter
284 3029 387 3100 ¹ipsum
416 3027 613 3100 cujuscunque
637 3027 684 3082 rei
709 3025 843 3082 dominus
870 3031 919 3080 aut
937 3027 1135 3098 proprietarius

151 3111 241 3171 esset,
269 3121 333 3165 curu
361 3124 415 3182 nec
444 3109 507 3178 ipse
535 3107 612 3160 Deus
639 3102 711 3186 tale'x
726 3105 886 3162 dominium
915 3102 974 3158 sibi
995 3105 1136 3162 vindicare

150 3183 292 3251 voluerit,
322 3185 372 3240 sed
400 3194 510 3242 retento
539 3185 671 3242 absoluto
696 3183 823 3256 quodam
844 3189 871 3240 et
892 3199 1029 3254 supremo
1049 3187 1081 3240 in
1102 3198 1135 3238 res

152 3277 250 3316 omues
280 3263 409 3334 dominio
438 3265 644 3337 proprietatem
674 3265 792 3320 illarum
822 3260 989 3340 hominibus
1021 3263 1135 3337 henigne

150 3339 338 3412 concesserit,
366 3343 411 3418 im
436 3351 467 3396 ut
494 3343 690 3414 dependenter
718 3341 757 3398 ah
781 3341 835 3400 illo
860 3357 993 3420 supremo
1016 3343 1134 3402 dominio

151 3433 218 3469 vere
240 3419 351 3472 sintae
374 3419 507 3474 dicantur
528 3437 624 3477 rerum
644 3420 759 3492 suarum
777 3423 967 3497 proprietarii
981 3431 1011 3484 et
1025 3421 1132 3480 domini.

150 3487 238 3550 Unde
268 3495 411 3576 refellitur
442 3501 623 3566 quorundam
655 3499 748 3570 error,
785 3505 835 3574 qui
866 3511 1013 3572 asserunt,
1047 3517 1132 3559 omnes

418 3775 425 3803 Ι
