2304 3888
351 185 630 232 mercennarium
922 171 981 240 28¹

17 319 118 373 person
143 305 244 362 divina
271 315 300 361 et
327 313 430 360 natura
444 307 582 362 humana
608 314 676 362 sunt
700 321 753 377 per
781 323 811 364 re
835 310 922 382 tales,
951 319 983 368 ut

17 383 70 439 laec
88 385 123 440 ab
143 385 194 440 illa
212 387 316 458 possit,
327 386 451 452 mumi,
472 392 500 440 et
514 393 650 457 tanquam
669 403 687 440 a
701 389 822 446 termino
837 397 865 444 et
878 391 982 448 ultimo

17 479 52 517 ruo
70 465 271 536 complemento
295 464 438 536 pendere,
467 472 496 520 et
521 466 597 520 hanc
623 465 680 524 itia
704 468 796 536 possit
823 475 982 526 sustentare

17 545 207 600 interminare.

59 639 189 707 Quartum
209 647 268 709 est,
295 639 441 696 Christum
462 640 554 695 Deum
575 647 603 694 et
622 641 769 704 hominem
788 642 850 698 iore
871 650 981 701 tantuin

16 731 52 786 per
69 719 215 788 accidens,
245 728 273 774 et
293 733 352 774 non
373 733 425 792 per
445 735 492 788 se3
519 719 597 774 illud
620 722 696 776 enim
719 720 825 776 dicitur
846 737 864 777 a
883 723 982 779 Philo·

15 798 91 867 sophia
111 813 160 854 ena
180 813 233 870 per
253 799 405 868 accidens,
428 799 507 871 quod
529 799 560 854 nt
580 815 617 855 ex
637 800 751 857 duobus
772 801 887 856 entibus
906 817 983 858 com·

14 877 80 944 pletis
99 885 126 933 et
146 886 211 934 actu
233 879 431 936 existentibus.
462 881 552 950 Atqui
574 887 677 934 natura
698 881 800 936 divina
816 887 845 936 et
858 881 983 937 hnmana

13 955 156 1013 inchristo
178 958 323 1014 sunttduo
344 958 423 1014 entia
444 959 597 1014 existentia
617 966 645 1015 et
668 960 819 1031 completa.

57 1053 268 1126 Respondetur,
298 1070 397 1110 verum
418 1071 495 1123 esse,
524 1070 560 1110 ex
582 1055 695 1111 duobus
717 1055 832 1112 entibus
852 1058 882 1111 iu
906 1063 980 1128 actu,

15 1145 111 1200 quorum
140 1133 311 1201 utrumlibet
338 1136 376 1190 sit
401 1137 433 1188 in
458 1151 509 1190 suo
537 1149 640 1206 genere
660 1137 786 1206 perfecte
807 1137 981 1207 completum

15 1218 33 1262 et
48 1215 238 1284 terminatum,
259 1229 318 1268 non
338 1229 423 1284 posse
443 1215 507 1269 fieri
527 1229 616 1268 unum
637 1229 689 1284 per
710 1231 748 1270 sc.
790 1217 829 1270 At
848 1230 916 1271 vero
930 1233 981 1272 na-

14 1297 59 1345 tura
76 1293 200 1348 humana
220 1293 392 1366 singularis,
414 1307 470 1364 qua
491 1293 602 1348 ratione
624 1300 666 1348 est
680 1302 826 1366 assumpta
843 1295 982 1366 aVerbo,

13 1383 54 1422 non
72 1379 111 1427 est
130 1373 248 1442 proprie
270 1387 320 1428 ens
341 1374 372 1427 in
394 1380 459 1431 actu
480 1373 639 1442 completo,
661 1373 805 1444 siquidem
827 1381 869 1428 est
886 1375 916 1428 in
931 1391 983 1445 po·

13 1452 81 1505 tentia
106 1449 144 1506 ad
170 1453 423 1522 personalitatem,
452 1459 588 1523 tanquam
617 1451 655 1507 ad
676 1454 829 1508 terminum
850 1453 983 1509 substan-

13 1525 117 1585 tialem'
143 1531 237 1598 Quare
264 1547 300 1588 ex
319 1531 374 1586 illa
400 1531 605 1602 personalitate
626 1531 717 1586 Verbi
738 1540 868 1588 constare
887 1540 983 1604 potest

12 1619 78 1664 unum
98 1625 148 1665 ens
169 1623 222 1682 per
243 1626 289 1678 ae,
309 1610 343 1665 id
364 1617 421 1678 est,
443 1627 502 1665 una
523 1609 685 1666 substantia
705 1611 808 1667 ultimo
830 1614 983 1687 completa,

15 1699 49 1740 teu
66 1702 195 1759 persona.

55 1784 115 1842 lam
137 1785 217 1858 quod
238 1793 350 1855 spectat
370 1783 407 1840 ad
428 1786 602 1856 secundum,
624 1787 714 1842 variis
729 1789 902 1860 argumentis
917 1804 985 1860 pro-

14 1855 59 1916 bari
75 1873 177 1935 potest,
199 1873 347 1935 peractum
370 1881 431 1933 esse
444 1866 653 1940 incarnationis
666 1868 849 1936 mysterium,
872 1884 904 1924 ac
919 1868 983 1936 illa,

14 1945 121 2008 quaudo
143 1945 257 2003 Christo
278 1944 403 2001 Domino
425 1943 569 2008 credenda
590 1954 804 2016 proponuntur,
827 1962 888 2002 esse
910 1947 986 2004 Fide

14 2017 171 2092 dignissima.
204 2024 336 2094 ,Aliquot
355 2023 403 2080 hic
424 2025 516 2096 magis
537 2023 692 2096 popularia
711 2039 913 2096 proponemus.

54 2128 77 2182 l.
120 2127 250 2184 Primum
271 2129 346 2184 sumi
365 2135 461 2200 potest
480 2144 517 2182 ex
538 2129 646 2184 Christi
667 2129 832 2198 miraculis,
861 2145 984 2202 quorum

14 2209 74 2262 testis
94 2216 136 2263 est
158 2207 237 2263 orbis
259 2209 428 2275 universus,
458 2223 591 2278 quaeque
618 2215 717 2264 extant
744 2223 802 2263 non
831 2209 924 2265 solum
951 2211 984 2264 in

12 2279 175 2359 irrogabis,
197 2287 303 2358 quibus
323 2287 426 2344 Fidem
446 2302 504 2342 non
524 2286 664 2342 adhibent
677 2287 811 2355 Ethnici,
833 2285 985 2344 sedetiam

12 2361 174 2437 inpropriis
193 2369 324 2437 ipsorum
344 2366 482 2422 historiis.
517 2363 669 2437 Ejusmodi
689 2367 746 2421 luit
765 2367 913 2422 silentium
931 2369 986 2422 ial-

12 2455 88 2500 rerum
116 2447 243 2502 Deorum
264 2447 407 2515 oraculis,
440 2445 553 2502 Christo
581 2445 770 2514 adveniente,
799 2446 983 2516 impositum:

12 2522 77 2592 an'us
102 2527 211 2582 mentio
241 2526 272 2578 tit
293 2524 372 2595 apud
393 2524 580 2580 Plutarchum
601 2531 630 2580 et
650 2525 734 2580 alios.
773 2525 843 2580 Item
866 2525 985 2596 eclipsis

12 2599 52 2656 illa
63 2605 212 2675 stupenda,
232 2619 305 2676 quae
318 2611 433 2674 praeter
446 2619 558 2660 omnem
572 2610 691 2658 manuae
705 2603 835 2660 ordinem
850 2606 881 2658 in
895 2612 987 2661 morta

14 2677 102 2738 thesri
122 2683 246 2750 accidit,
270 2683 352 2755 cnjus
373 2683 505 2738 meminit
525 2681 654 2754 Phlegon
674 2681 872 2757 Chronologns
893 2684 986 2739 ethni·

13 2771 63 2828 cus,
89 2763 215 2818 Adriani
235 2763 417 2833 imperatoris
438 2759 561 2818 libertus
582 2761 635 2816 lib.
653 2761 698 2817 ts.
725 2762 760 2817 de
783 2761 985 2833 Temporibus,

14 2847 37 2890 ut
57 2843 138 2897 rsiart
160 2843 298 2914 Origenes
325 2841 378 2897 lib.
394 2839 422 2896 2.
452 2849 542 2898 contr.
573 2841 704 2910 Celsum,
732 2849 760 2896 et
786 2841 929 2897 Eusebius
952 2843 985 2898 in

15 2915 153 2989 Chronico,
181 2921 322 2992 illiusque
349 2922 435 2976 etiam
463 2921 495 2974 in
520 2920 646 2976 archivis
667 2919 860 2976 Romanorum
881 2923 986 2978 lactem

15 2995 84 3054 inisse
103 3002 295 3069 mentionem,
325 3002 426 3056 asserit
447 2999 645 3056 Tertullianus
666 3001 697 3053 in
713 2999 860 3072 apologet.
884 3001 987 3058 adver·

14 3087 50 3130 tus
68 3079 179 3136 Gentes.
216 3080 322 3134 lisdem
343 3079 492 3134 miraculis
514 3079 584 3134 addi
604 3085 726 3150 possunt
746 3077 890 3152 prodigia,
912 3096 987 3152 quas

13 3165 93 3214 nostro
113 3161 199 3214 stiam
221 3159 436 3229 temperemur
450 3158 488 3213 ad
501 3159 716 3217 invocationem
730 3159 856 3214 nominis
870 3159 986 3228 christi,

12 3237 84 3292 vania
111 3241 141 3293 in
169 3239 258 3306 lueis,
287 3239 364 3300 eirca
391 3245 521 3310 aegrotos
549 3245 576 3294 et
604 3236 732 3304 debiles,
761 3240 988 3311 praesertimque

13 3311 74 3370 circa
94 3329 306 3389 energumenos
348 3317 426 3384 Quas
447 3317 560 3384 emnia,
584 3331 648 3372 oum
669 3317 762 3386 ipsius
777 3326 895 3374 naturas
908 3320 986 3374 vires

13 3387 82 3467 longe
101 3404 252 3468 superent,
274 3411 292 3450 a
312 3397 374 3452 solo
395 3396 455 3452 Deo
477 3397 539 3450 lieri
558 3396 703 3466 potuisse,
725 3397 910 3452 manifestum
927 3404 985 3452 estr

15 3476 79 3543 ttqm
98 3477 175 3532 Dens
196 3490 255 3534 non
276 3479 370 3546 potest
390 3475 495 3530 falsum
512 3473 686 3545 approbare.
719 3475 792 3533 Cum
812 3475 903 3546 igitur
916 3476 987 3532 haec

13 3551 985 3624 miracula'adtestardamilhriatidivinitatemeorumqueomuirm,
