<?xml version="1.0" encoding="UTF-8"?>
<!DOCTYPE html PUBLIC "-//W3C//DTD XHTML 1.0 Transitional//EN"
    "http://www.w3.org/TR/xhtml1/DTD/xhtml1-transitional.dtd">
<html xmlns="http://www.w3.org/1999/xhtml" xml:lang="en" lang="en">
 <head>
  <title>
</title>
<meta http-equiv="Content-Type" content="text/html;charset=utf-8" />
  <meta name='ocr-system' content='tesseract 3.04.00' />
  <meta name='ocr-capabilities' content='ocr_page ocr_carea ocr_par ocr_line ocrx_word'/>
</head>
<body>
  <div class='ocr_page' id='page_1' title='image "./medullatheologi01abelgoog_0206.png"; bbox 0 0 2304 3888; ppageno 0'>
   <div class='ocr_carea' id='block_1_1' title="bbox 395 155 985 228">
    <p class='ocr_par' dir='ltr' id='par_1_1' title="bbox 395 155 985 228">
     <span class='ocr_line' id='line_1_1' title="bbox 395 155 985 228; baseline 0.014 -8"><span class='ocrx_word' id='word_1_1' title='bbox 395 171 432 220; x_wconf 74' lang='grc' dir='ltr'>ιι</span> <span class='ocrx_word' id='word_1_2' title='bbox 448 175 581 224; x_wconf 68' lang='lat' dir='ltr'>annum</span> <span class='ocrx_word' id='word_1_3' title='bbox 921 155 985 228; x_wconf 72' lang='lat'>206</span> 
     </span>
    </p>
   </div>
   <div class='ocr_carea' id='block_1_2' title="bbox 8 295 1063 3388">
    <p class='ocr_par' dir='ltr' id='par_1_2' title="bbox 8 295 987 922">
     <span class='ocr_line' id='line_1_2' title="bbox 56 295 987 368; baseline 0.004 -19"><span class='ocrx_word' id='word_1_4' title='bbox 56 295 148 367; x_wconf 82' lang='lat' dir='ltr'>Neque</span> <span class='ocrx_word' id='word_1_5' title='bbox 170 297 254 352; x_wconf 82' lang='lat' dir='ltr'>ettam</span> <span class='ocrx_word' id='word_1_6' title='bbox 279 295 439 352; x_wconf 85' lang='lat' dir='ltr'>secundum</span> <span class='ocrx_word' id='word_1_7' title='bbox 467 295 527 352; x_wconf 88' lang='lat' dir='ltr'>dici</span> <span class='ocrx_word' id='word_1_8' title='bbox 545 303 664 367; x_wconf 84' lang='lat' dir='ltr'>potest:</span> <span class='ocrx_word' id='word_1_9' title='bbox 694 297 763 366; x_wconf 82' lang='lat' dir='ltr'>quie</span> <span class='ocrx_word' id='word_1_10' title='bbox 791 295 904 368; x_wconf 79' lang='lat' dir='ltr'>objecta</span> <span class='ocrx_word' id='word_1_11' title='bbox 932 298 987 353; x_wconf 85' lang='lat' dir='ltr'>illa</span> 
     </span>
     <span class='ocr_line' id='line_1_3' title="bbox 9 377 986 448; baseline 0.003 -18"><span class='ocrx_word' id='word_1_12' title='bbox 9 383 194 430; x_wconf 79' lang='lat' dir='ltr'>exterrerent</span> <span class='ocrx_word' id='word_1_13' title='bbox 216 377 260 446; x_wconf 89' lang='lat' dir='ltr'>(ut</span> <span class='ocrx_word' id='word_1_14' title='bbox 283 377 459 447; x_wconf 87' lang='lat' dir='ltr'>plurimum)</span> <span class='ocrx_word' id='word_1_15' title='bbox 482 377 645 432; x_wconf 72' lang='lat' dir='ltr'>materialia</span> <span class='ocrx_word' id='word_1_16' title='bbox 672 382 700 429; x_wconf 90' lang='lat' dir='ltr'>et</span> <span class='ocrx_word' id='word_1_17' title='bbox 727 388 881 446; x_wconf 82' lang='lat' dir='ltr'>corpores,</span> <span class='ocrx_word' id='word_1_18' title='bbox 911 389 986 448; x_wconf 81' lang='lat' dir='ltr'>quae</span> 
     </span>
     <span class='ocr_line' id='line_1_4' title="bbox 10 451 984 526; baseline 0.004 -18"><span class='ocrx_word' id='word_1_19' title='bbox 10 456 106 512; x_wconf 86' lang='lat' dir='ltr'>nonnisi</span> <span class='ocrx_word' id='word_1_20' title='bbox 127 455 239 524; x_wconf 83' lang='lat' dir='ltr'>speclea</span> <span class='ocrx_word' id='word_1_21' title='bbox 260 457 423 510; x_wconf 78' lang='lat' dir='ltr'>materiales</span> <span class='ocrx_word' id='word_1_22' title='bbox 444 464 473 512; x_wconf 90' lang='lat' dir='ltr'>et</span> <span class='ocrx_word' id='word_1_23' title='bbox 493 455 646 512; x_wconf 83' lang='lat' dir='ltr'>sensibiles</span> <span class='ocrx_word' id='word_1_24' title='bbox 667 451 826 526; x_wconf 86' lang='lat' dir='ltr'>producere</span> <span class='ocrx_word' id='word_1_25' title='bbox 853 467 984 526; x_wconf 80' lang='lat' dir='ltr'>potsunt,</span> 
     </span>
     <span class='ocr_line' id='line_1_5' title="bbox 11 533 984 607; baseline 0.003 -19"><span class='ocrx_word' id='word_1_26' title='bbox 11 549 66 604; x_wconf 83' lang='lat' dir='ltr'>qnae</span> <span class='ocrx_word' id='word_1_27' title='bbox 91 534 214 606; x_wconf 78' lang='lat' dir='ltr'><strong>proinde</strong></span> <span class='ocrx_word' id='word_1_28' title='bbox 242 533 280 590; x_wconf 86' lang='lat' dir='ltr'>ad</span> <span class='ocrx_word' id='word_1_29' title='bbox 306 549 390 592; x_wconf 89' lang='lat' dir='ltr'>usum</span> <span class='ocrx_word' id='word_1_30' title='bbox 417 535 584 592; x_wconf 83' lang='lat' dir='ltr'>intellectus</span> <span class='ocrx_word' id='word_1_31' title='bbox 612 533 736 607; x_wconf 85' lang='lat' dir='ltr'>angelici</span> <span class='ocrx_word' id='word_1_32' title='bbox 765 535 880 604; x_wconf 84' lang='lat' dir='ltr'>ineptae</span> <span class='ocrx_word' id='word_1_33' title='bbox 908 545 984 607; x_wconf 88' lang='lat' dir='ltr'>sunt,</span> 
     </span>
     <span class='ocr_line' id='line_1_6' title="bbox 10 613 986 688; baseline 0 -20"><span class='ocrx_word' id='word_1_34' title='bbox 10 613 94 685; x_wconf 87' lang='lat' dir='ltr'>illique</span> <span class='ocrx_word' id='word_1_35' title='bbox 113 613 265 670; x_wconf 83' lang='lat' dir='ltr'>inhaerere</span> <span class='ocrx_word' id='word_1_36' title='bbox 285 615 452 670; x_wconf 83' lang='lat' dir='ltr'>nullatenus</span> <span class='ocrx_word' id='word_1_37' title='bbox 473 615 580 669; x_wconf 86' lang='lat' dir='ltr'>velent.</span> <span class='ocrx_word' id='word_1_38' title='bbox 620 615 697 685; x_wconf 84' lang='lat' dir='ltr'>Ergo</span> <span class='ocrx_word' id='word_1_39' title='bbox 718 627 782 670; x_wconf 88' lang='lat' dir='ltr'>cum</span> <span class='ocrx_word' id='word_1_40' title='bbox 796 615 903 688; x_wconf 84' lang='lat' dir='ltr'>Angeli</span> <span class='ocrx_word' id='word_1_41' title='bbox 921 629 986 686; x_wconf 82' lang='lat' dir='ltr'>spe-</span> 
     </span>
     <span class='ocr_line' id='line_1_7' title="bbox 8 693 984 766; baseline 0.005 -19"><span class='ocrx_word' id='word_1_42' title='bbox 8 695 140 748; x_wconf 77' lang='lat' dir='ltr'>cimilian</span> <span class='ocrx_word' id='word_1_43' title='bbox 168 708 264 763; x_wconf 86' lang='lat' dir='ltr'>neque</span> <span class='ocrx_word' id='word_1_44' title='bbox 293 695 469 764; x_wconf 82' lang='lat' dir='ltr'>producere,</span> <span class='ocrx_word' id='word_1_45' title='bbox 502 708 595 766; x_wconf 83' lang='lat' dir='ltr'>neque</span> <span class='ocrx_word' id='word_1_46' title='bbox 626 693 663 748; x_wconf 85' lang='lat' dir='ltr'>ab</span> <span class='ocrx_word' id='word_1_47' title='bbox 692 693 818 764; x_wconf 86' lang='lat' dir='ltr'>objectis</span> <span class='ocrx_word' id='word_1_48' title='bbox 851 696 984 764; x_wconf 79' lang='lat' dir='ltr'>accipere</span> 
     </span>
     <span class='ocr_line' id='line_1_8' title="bbox 8 773 984 843; baseline 0.002 -17"><span class='ocrx_word' id='word_1_49' title='bbox 8 775 113 842; x_wconf 89' lang='lat' dir='ltr'>possint,</span> <span class='ocrx_word' id='word_1_50' title='bbox 143 773 291 843; x_wconf 87' lang='lat' dir='ltr'>sequitur,</span> <span class='ocrx_word' id='word_1_51' title='bbox 320 784 352 830; x_wconf 91' lang='lat' dir='ltr'>ut</span> <span class='ocrx_word' id='word_1_52' title='bbox 372 775 440 832; x_wconf 82' lang='lat' dir='ltr'>illas</span> <span class='ocrx_word' id='word_1_53' title='bbox 461 789 478 830; x_wconf 82' lang='lat' dir='ltr'>a</span> <span class='ocrx_word' id='word_1_54' title='bbox 499 773 611 830; x_wconf 81' lang='lat' dir='ltr'>Dedin</span> <span class='ocrx_word' id='word_1_55' title='bbox 634 773 755 830; x_wconf 84' lang='lat' dir='ltr'>instanti</span> <span class='ocrx_word' id='word_1_56' title='bbox 776 787 843 828; x_wconf 81' lang='lat' dir='ltr'>suae</span> <span class='ocrx_word' id='word_1_57' title='bbox 862 775 984 828; x_wconf 82' lang='lat' dir='ltr'>creatio·</span> 
     </span>
     <span class='ocr_line' id='line_1_9' title="bbox 9 853 231 922; baseline 0.005 -17"><span class='ocrx_word' id='word_1_58' title='bbox 9 853 42 906; x_wconf 89' lang='lat' dir='ltr'>nis</span> <span class='ocrx_word' id='word_1_59' title='bbox 60 853 231 922; x_wconf 70' lang='lat' dir='ltr'>acceperint.</span> 
     </span>
    </p>

    <p class='ocr_par' dir='ltr' id='par_1_3' title="bbox 8 929 985 1084">
     <span class='ocr_line' id='line_1_10' title="bbox 52 929 985 1006; baseline 0.001 -20"><span class='ocrx_word' id='word_1_60' title='bbox 52 929 134 986; x_wconf 88' lang='lat' dir='ltr'>Porro</span> <span class='ocrx_word' id='word_1_61' title='bbox 157 931 196 986; x_wconf 86' lang='lat' dir='ltr'>ad</span> <span class='ocrx_word' id='word_1_62' title='bbox 217 931 376 1001; x_wconf 83' lang='lat' dir='ltr'>pleniorem</span> <span class='ocrx_word' id='word_1_63' title='bbox 398 929 547 1004; x_wconf 73' lang='lat' dir='ltr'>angelicae</span> <span class='ocrx_word' id='word_1_64' title='bbox 568 933 743 1006; x_wconf 73' lang='lat' dir='ltr'>cognitionis</span> <span class='ocrx_word' id='word_1_65' title='bbox 761 931 985 1002; x_wconf 82' lang='lat' dir='ltr'>intelligentiam</span> 
     </span>
     <span class='ocr_line' id='line_1_11' title="bbox 8 1009 916 1084; baseline 0 -22"><span class='ocrx_word' id='word_1_66' title='bbox 8 1021 48 1066; x_wconf 85' lang='lat' dir='ltr'>tres</span> <span class='ocrx_word' id='word_1_67' title='bbox 65 1012 110 1066; x_wconf 92' lang='lat' dir='ltr'>hic</span> <span class='ocrx_word' id='word_1_68' title='bbox 132 1013 372 1084; x_wconf 74' lang='lat' dir='ltr'>quaestiunculae</span> <span class='ocrx_word' id='word_1_69' title='bbox 392 1011 519 1068; x_wconf 88' lang='lat' dir='ltr'>breviter</span> <span class='ocrx_word' id='word_1_70' title='bbox 540 1009 733 1082; x_wconf 74' lang='lat' dir='ltr'>explicandae</span> <span class='ocrx_word' id='word_1_71' title='bbox 755 1019 916 1080; x_wconf 87' lang='lat' dir='ltr'>supersunt.</span> 
     </span>
    </p>

    <p class='ocr_par' dir='ltr' id='par_1_4' title="bbox 8 1090 985 1241">
     <span class='ocr_line' id='line_1_12' title="bbox 52 1090 985 1162; baseline 0.001 -19"><span class='ocrx_word' id='word_1_72' title='bbox 52 1090 74 1143; x_wconf 83' lang='lat' dir='ltr'>l.</span> <span class='ocrx_word' id='word_1_73' title='bbox 108 1091 209 1149; x_wconf 86' lang='lat' dir='ltr'>Prima</span> <span class='ocrx_word' id='word_1_74' title='bbox 229 1101 280 1158; x_wconf 86' lang='lat' dir='ltr'>est,</span> <span class='ocrx_word' id='word_1_75' title='bbox 302 1107 339 1148; x_wconf 87' lang='grc' dir='ltr'>ιι</span> <span class='ocrx_word' id='word_1_76' title='bbox 361 1105 458 1146; x_wconf 88' lang='lat' dir='ltr'>omnes</span> <span class='ocrx_word' id='word_1_77' title='bbox 478 1091 585 1161; x_wconf 86' lang='lat' dir='ltr'>Angeli</span> <span class='ocrx_word' id='word_1_78' title='bbox 605 1107 657 1161; x_wconf 90' lang='lat' dir='ltr'>per</span> <span class='ocrx_word' id='word_1_79' title='bbox 678 1091 788 1162; x_wconf 89' lang='lat' dir='ltr'>species</span> <span class='ocrx_word' id='word_1_80' title='bbox 810 1105 900 1162; x_wconf 81' lang='lat' dir='ltr'>neque</span> <span class='ocrx_word' id='word_1_81' title='bbox 921 1105 985 1162; x_wconf 92' lang='lat' dir='ltr'>per·</span> 
     </span>
     <span class='ocr_line' id='line_1_13' title="bbox 8 1167 275 1241; baseline 0.015 -21"><span class='ocrx_word' id='word_1_82' title='bbox 8 1167 76 1224; x_wconf 84' lang='lat' dir='ltr'>lectas</span> <span class='ocrx_word' id='word_1_83' title='bbox 96 1171 275 1241; x_wconf 85' lang='lat' dir='ltr'>intelligant.</span> 
     </span>
    </p>

    <p class='ocr_par' dir='ltr' id='par_1_5' title="bbox 9 1248 988 2353">
     <span class='ocr_line' id='line_1_14' title="bbox 52 1248 983 1323; baseline 0 -21"><span class='ocrx_word' id='word_1_84' title='bbox 52 1248 258 1319; x_wconf 69' lang='lat' dir='ltr'>despondetur,</span> <span class='ocrx_word' id='word_1_85' title='bbox 280 1251 422 1322; x_wconf 79' lang='lat' dir='ltr'>Angelos,</span> <span class='ocrx_word' id='word_1_86' title='bbox 446 1265 503 1321; x_wconf 88' lang='lat' dir='ltr'>quo</span> <span class='ocrx_word' id='word_1_87' title='bbox 524 1257 591 1304; x_wconf 91' lang='lat' dir='ltr'>sunt</span> <span class='ocrx_word' id='word_1_88' title='bbox 612 1250 643 1304; x_wconf 92' lang='lat' dir='ltr'>in</span> <span class='ocrx_word' id='word_1_89' title='bbox 665 1258 769 1304; x_wconf 81' lang='lat' dir='ltr'>natura</span> <span class='ocrx_word' id='word_1_90' title='bbox 788 1249 983 1323; x_wconf 74' lang='lat' dir='ltr'>perfectiores,</span> 
     </span>
     <span class='ocr_line' id='line_1_15' title="bbox 9 1327 985 1398; baseline 0.001 -17"><span class='ocrx_word' id='word_1_91' title='bbox 9 1341 32 1380; x_wconf 87' lang='grc' dir='ltr'>ιι</span> <span class='ocrx_word' id='word_1_92' title='bbox 49 1329 126 1382; x_wconf 85' lang='lat' dir='ltr'>etiam</span> <span class='ocrx_word' id='word_1_93' title='bbox 147 1329 335 1398; x_wconf 79' lang='lat' dir='ltr'>perfectiores</span> <span class='ocrx_word' id='word_1_94' title='bbox 358 1345 391 1383; x_wconf 85' lang='lat' dir='ltr'>ac</span> <span class='ocrx_word' id='word_1_95' title='bbox 412 1327 536 1398; x_wconf 83' lang='lat' dir='ltr'>proinde</span> <span class='ocrx_word' id='word_1_96' title='bbox 557 1329 781 1384; x_wconf 74' lang='lat' dir='ltr'>universaliores</span> <span class='ocrx_word' id='word_1_97' title='bbox 802 1345 819 1382; x_wconf 87' lang='grc' dir='ltr'>ι</span> <span class='ocrx_word' id='word_1_98' title='bbox 840 1328 899 1384; x_wconf 88' lang='lat' dir='ltr'>Deo</span> <span class='ocrx_word' id='word_1_99' title='bbox 921 1343 985 1398; x_wconf 83' lang='lat' dir='ltr'>spe·</span> 
     </span>
     <span class='ocr_line' id='line_1_16' title="bbox 9 1406 986 1480; baseline 0.006 -22"><span class='ocrx_word' id='word_1_100' title='bbox 9 1407 51 1459; x_wconf 89' lang='lat' dir='ltr'>cies</span> <span class='ocrx_word' id='word_1_101' title='bbox 75 1411 228 1480; x_wconf 87' lang='lat' dir='ltr'>accepisse.</span> <span class='ocrx_word' id='word_1_102' title='bbox 269 1409 314 1462; x_wconf 89' lang='lat' dir='ltr'>lta</span> <span class='ocrx_word' id='word_1_103' title='bbox 343 1410 370 1462; x_wconf 83' lang='lat' dir='ltr'>S.</span> <span class='ocrx_word' id='word_1_104' title='bbox 394 1407 520 1464; x_wconf 80' lang='lat' dir='ltr'>&#39;l&#39;lromas</span> <span class='ocrx_word' id='word_1_105' title='bbox 547 1423 611 1478; x_wconf 86' lang='lat' dir='ltr'>sup.</span> <span class='ocrx_word' id='word_1_106' title='bbox 641 1417 693 1462; x_wconf 86' lang='lat' dir='ltr'>ert.</span> <span class='ocrx_word' id='word_1_107' title='bbox 716 1410 743 1462; x_wconf 84' lang='lat'>3.</span> <span class='ocrx_word' id='word_1_108' title='bbox 773 1406 853 1480; x_wconf 83' lang='lat' dir='ltr'>qnod</span> <span class='ocrx_word' id='word_1_109' title='bbox 879 1407 986 1478; x_wconf 83' lang='lat' dir='ltr'>probet</span> 
     </span>
     <span class='ocr_line' id='line_1_17' title="bbox 9 1485 985 1558; baseline 0.006 -21"><span class='ocrx_word' id='word_1_110' title='bbox 9 1493 52 1538; x_wconf 90' lang='lat' dir='ltr'>tum</span> <span class='ocrx_word' id='word_1_111' title='bbox 71 1491 110 1541; x_wconf 57' lang='grc' dir='ltr'>ιι]</span> <span class='ocrx_word' id='word_1_112' title='bbox 124 1489 154 1542; x_wconf 86' lang='lat' dir='ltr'>S.</span> <span class='ocrx_word' id='word_1_113' title='bbox 172 1487 318 1558; x_wconf 82' lang='lat' dir='ltr'>Dionysio</span> <span class='ocrx_word' id='word_1_114' title='bbox 338 1487 392 1542; x_wconf 87' lang='lat' dir='ltr'>lib.</span> <span class='ocrx_word' id='word_1_115' title='bbox 416 1487 452 1543; x_wconf 90' lang='lat' dir='ltr'>de</span> <span class='ocrx_word' id='word_1_116' title='bbox 474 1489 593 1542; x_wconf 89' lang='lat' dir='ltr'>coelesti</span> <span class='ocrx_word' id='word_1_117' title='bbox 609 1487 686 1542; x_wconf 78' lang='lat' dir='ltr'>Hier.</span> <span class='ocrx_word' id='word_1_118' title='bbox 709 1503 772 1557; x_wconf 86' lang='lat' dir='ltr'>cap.</span> <span class='ocrx_word' id='word_1_119' title='bbox 793 1485 838 1541; x_wconf 62' lang='grc' dir='ltr'>ιι.</span> <span class='ocrx_word' id='word_1_120' title='bbox 859 1485 913 1542; x_wconf 89' lang='lat' dir='ltr'>ubi</span> <span class='ocrx_word' id='word_1_121' title='bbox 934 1489 985 1558; x_wconf 79' lang='lat' dir='ltr'>ait,</span> 
     </span>
     <span class='ocr_line' id='line_1_18' title="bbox 10 1567 986 1638; baseline 0.005 -20"><span class='ocrx_word' id='word_1_122' title='bbox 10 1567 148 1634; x_wconf 83' lang='lat' dir='ltr'>superiores</span> <span class='ocrx_word' id='word_1_123' title='bbox 167 1568 297 1637; x_wconf 81' lang='lat' dir='ltr'>Angelos</span> <span class='ocrx_word' id='word_1_124' title='bbox 318 1567 424 1623; x_wconf 88' lang='lat' dir='ltr'>habere</span> <span class='ocrx_word' id='word_1_125' title='bbox 446 1569 596 1622; x_wconf 90' lang='lat' dir='ltr'>scientiam</span> <span class='ocrx_word' id='word_1_126' title='bbox 618 1569 709 1638; x_wconf 83' lang='lat' dir='ltr'>magis</span> <span class='ocrx_word' id='word_1_127' title='bbox 730 1568 935 1634; x_wconf 86' lang='lat' dir='ltr'>universalem,</span> <span class='ocrx_word' id='word_1_128' title='bbox 958 1571 986 1623; x_wconf 81' lang='lat' dir='ltr'>et</span> 
     </span>
     <span class='ocr_line' id='line_1_19' title="bbox 11 1643 987 1717; baseline 0.006 -23"><span class='ocrx_word' id='word_1_129' title='bbox 11 1643 48 1696; x_wconf 88' lang='lat' dir='ltr'>lib.</span> <span class='ocrx_word' id='word_1_130' title='bbox 66 1646 98 1700; x_wconf 87' lang='lat' dir='ltr'>de</span> <span class='ocrx_word' id='word_1_131' title='bbox 119 1645 180 1702; x_wconf 85' lang='lat' dir='ltr'>div.</span> <span class='ocrx_word' id='word_1_132' title='bbox 202 1645 286 1700; x_wconf 89' lang='lat' dir='ltr'>Nom.</span> <span class='ocrx_word' id='word_1_133' title='bbox 308 1661 371 1716; x_wconf 84' lang='lat' dir='ltr'>cap.</span> <span class='ocrx_word' id='word_1_134' title='bbox 390 1647 436 1702; x_wconf 85' lang='grc'>13.</span> <span class='ocrx_word' id='word_1_135' title='bbox 458 1647 509 1700; x_wconf 86' lang='lat' dir='ltr'>nbi</span> <span class='ocrx_word' id='word_1_136' title='bbox 538 1647 628 1714; x_wconf 87' lang='lat' dir='ltr'>dicit,</span> <span class='ocrx_word' id='word_1_137' title='bbox 658 1647 755 1702; x_wconf 91' lang='lat' dir='ltr'>omnia</span> <span class='ocrx_word' id='word_1_138' title='bbox 784 1647 875 1717; x_wconf 81' lang='lat' dir='ltr'>magis</span> <span class='ocrx_word' id='word_1_139' title='bbox 903 1647 987 1701; x_wconf 75' lang='lat' dir='ltr'>unite</span> 
     </span>
     <span class='ocr_line' id='line_1_20' title="bbox 9 1723 987 1800; baseline 0.003 -24"><span class='ocrx_word' id='word_1_140' title='bbox 9 1729 28 1773; x_wconf 86' lang='lat' dir='ltr'>et</span> <span class='ocrx_word' id='word_1_141' title='bbox 43 1725 154 1781; x_wconf 88' lang='lat' dir='ltr'>collecta</span> <span class='ocrx_word' id='word_1_142' title='bbox 180 1741 243 1780; x_wconf 89' lang='lat' dir='ltr'>esse</span> <span class='ocrx_word' id='word_1_143' title='bbox 270 1725 301 1779; x_wconf 90' lang='lat' dir='ltr'>in</span> <span class='ocrx_word' id='word_1_144' title='bbox 331 1727 530 1796; x_wconf 90' lang='lat' dir='ltr'>superioribus</span> <span class='ocrx_word' id='word_1_145' title='bbox 552 1727 688 1796; x_wconf 79' lang='lat' dir='ltr'>Angelis,</span> <span class='ocrx_word' id='word_1_146' title='bbox 716 1733 805 1796; x_wconf 89' lang='lat' dir='ltr'>prout</span> <span class='ocrx_word' id='word_1_147' title='bbox 829 1727 920 1800; x_wconf 82' lang='lat' dir='ltr'>megia</span> <span class='ocrx_word' id='word_1_148' title='bbox 948 1723 987 1780; x_wconf 84' lang='lat' dir='ltr'>nd</span> 
     </span>
     <span class='ocr_line' id='line_1_21' title="bbox 11 1799 988 1878; baseline 0.009 -28"><span class='ocrx_word' id='word_1_149' title='bbox 11 1799 79 1858; x_wconf 76' lang='lat' dir='ltr'>lierm</span> <span class='ocrx_word' id='word_1_150' title='bbox 99 1805 258 1872; x_wconf 84' lang='lat' dir='ltr'>accedunt3</span> <span class='ocrx_word' id='word_1_151' title='bbox 284 1813 344 1858; x_wconf 91' lang='lat' dir='ltr'>tum</span> <span class='ocrx_word' id='word_1_152' title='bbox 365 1807 450 1860; x_wconf 88' lang='lat' dir='ltr'>etiam</span> <span class='ocrx_word' id='word_1_153' title='bbox 472 1822 509 1860; x_wconf 85' lang='lat' dir='ltr'>ex</span> <span class='ocrx_word' id='word_1_154' title='bbox 531 1821 579 1872; x_wconf 85' lang='lat' dir='ltr'>eo,</span> <span class='ocrx_word' id='word_1_155' title='bbox 603 1805 682 1876; x_wconf 85' lang='lat' dir='ltr'>quod</span> <span class='ocrx_word' id='word_1_156' title='bbox 703 1804 821 1878; x_wconf 67' lang='lat' dir='ltr'>Augen,</span> <span class='ocrx_word' id='word_1_157' title='bbox 845 1821 902 1878; x_wconf 87' lang='lat' dir='ltr'>quo</span> <span class='ocrx_word' id='word_1_158' title='bbox 923 1821 988 1875; x_wconf 88' lang='lat' dir='ltr'>per-</span> 
     </span>
     <span class='ocr_line' id='line_1_22' title="bbox 11 1879 986 1952; baseline 0.01 -22"><span class='ocrx_word' id='word_1_159' title='bbox 11 1879 115 1939; x_wconf 75' lang='lat' dir='ltr'>fectiores</span> <span class='ocrx_word' id='word_1_160' title='bbox 145 1894 214 1940; x_wconf 85' lang='lat' dir='ltr'>sunt</span> <span class='ocrx_word' id='word_1_161' title='bbox 242 1885 274 1938; x_wconf 92' lang='lat' dir='ltr'>in</span> <span class='ocrx_word' id='word_1_162' title='bbox 301 1893 406 1939; x_wconf 86' lang='lat' dir='ltr'>natura</span> <span class='ocrx_word' id='word_1_163' title='bbox 432 1885 643 1952; x_wconf 84' lang='lat' dir='ltr'>intellectuali,</span> <span class='ocrx_word' id='word_1_164' title='bbox 674 1901 706 1941; x_wconf 93' lang='lat' dir='ltr'>eo</span> <span class='ocrx_word' id='word_1_165' title='bbox 736 1894 803 1940; x_wconf 87' lang='lat' dir='ltr'>sunt</span> <span class='ocrx_word' id='word_1_166' title='bbox 830 1885 986 1942; x_wconf 82' lang='lat' dir='ltr'>similiores</span> 
     </span>
     <span class='ocr_line' id='line_1_23' title="bbox 10 1957 987 2037; baseline 0.008 -27"><span class='ocrx_word' id='word_1_167' title='bbox 10 1957 53 2015; x_wconf 82' lang='lat' dir='ltr'>neo</span> <span class='ocrx_word' id='word_1_168' title='bbox 70 1964 98 2018; x_wconf 88' lang='lat' dir='ltr'>iu</span> <span class='ocrx_word' id='word_1_169' title='bbox 118 1963 334 2037; x_wconf 79' lang='lat' dir='ltr'>intelligeud03</span> <span class='ocrx_word' id='word_1_170' title='bbox 357 1964 408 2019; x_wconf 84' lang='lat' dir='ltr'>sed</span> <span class='ocrx_word' id='word_1_171' title='bbox 425 1963 502 2020; x_wconf 88' lang='lat' dir='ltr'>Deus</span> <span class='ocrx_word' id='word_1_172' title='bbox 523 1967 554 2019; x_wconf 89' lang='lat' dir='ltr'>in</span> <span class='ocrx_word' id='word_1_173' title='bbox 576 1965 768 2036; x_wconf 88' lang='lat' dir='ltr'>intelligendo</span> <span class='ocrx_word' id='word_1_174' title='bbox 820 1965 916 2020; x_wconf 79' lang='lat' dir='ltr'>exime</span> <span class='ocrx_word' id='word_1_175' title='bbox 938 1981 987 2020; x_wconf 85' lang='lat' dir='ltr'>ex·</span> 
     </span>
     <span class='ocr_line' id='line_1_24' title="bbox 12 2039 987 2114; baseline 0.008 -24"><span class='ocrx_word' id='word_1_176' title='bbox 12 2039 71 2094; x_wconf 85' lang='lat' dir='ltr'>cellit</span> <span class='ocrx_word' id='word_1_177' title='bbox 87 2045 117 2097; x_wconf 87' lang='lat' dir='ltr'>iu</span> <span class='ocrx_word' id='word_1_178' title='bbox 139 2059 187 2114; x_wconf 88' lang='lat' dir='ltr'>eo,</span> <span class='ocrx_word' id='word_1_179' title='bbox 209 2041 288 2114; x_wconf 90' lang='lat' dir='ltr'>quod</span> <span class='ocrx_word' id='word_1_180' title='bbox 305 2058 358 2112; x_wconf 92' lang='lat' dir='ltr'>per</span> <span class='ocrx_word' id='word_1_181' title='bbox 378 2045 495 2098; x_wconf 88' lang='lat' dir='ltr'>unicam</span> <span class='ocrx_word' id='word_1_182' title='bbox 516 2055 544 2100; x_wconf 89' lang='lat' dir='ltr'>et</span> <span class='ocrx_word' id='word_1_183' title='bbox 564 2044 783 2114; x_wconf 84' lang='lat' dir='ltr'>simplicissima</span> <span class='ocrx_word' id='word_1_184' title='bbox 833 2045 987 2099; x_wconf 87' lang='lat' dir='ltr'>essentiam</span> 
     </span>
     <span class='ocr_line' id='line_1_25' title="bbox 11 2123 987 2196; baseline 0.006 -26"><span class='ocrx_word' id='word_1_185' title='bbox 11 2133 71 2174; x_wconf 86' lang='lat' dir='ltr'>suam</span> <span class='ocrx_word' id='word_1_186' title='bbox 95 2139 138 2178; x_wconf 92' lang='lat' dir='ltr'>res</span> <span class='ocrx_word' id='word_1_187' title='bbox 169 2137 269 2178; x_wconf 86' lang='lat' dir='ltr'>omnes</span> <span class='ocrx_word' id='word_1_188' title='bbox 301 2123 450 2194; x_wconf 87' lang='lat' dir='ltr'>intelligit.</span> <span class='ocrx_word' id='word_1_189' title='bbox 499 2123 585 2178; x_wconf 86' lang='lat' dir='ltr'>Unde</span> <span class='ocrx_word' id='word_1_190' title='bbox 614 2126 762 2196; x_wconf 88' lang='lat' dir='ltr'>sequitur,</span> <span class='ocrx_word' id='word_1_191' title='bbox 794 2139 851 2194; x_wconf 84' lang='lat' dir='ltr'>quo</span> <span class='ocrx_word' id='word_1_192' title='bbox 880 2123 987 2194; x_wconf 86' lang='lat' dir='ltr'>Angeli</span> 
     </span>
     <span class='ocr_line' id='line_1_26' title="bbox 10 2201 988 2274; baseline -0.008 -12"><span class='ocrx_word' id='word_1_193' title='bbox 10 2201 171 2262; x_wconf 65' lang='lat' dir='ltr'>ismenem</span> <span class='ocrx_word' id='word_1_194' title='bbox 193 2211 277 2268; x_wconf 84' lang='lat' dir='ltr'>sunt,</span> <span class='ocrx_word' id='word_1_195' title='bbox 308 2203 377 2257; x_wconf 87' lang='lat' dir='ltr'>illos</span> <span class='ocrx_word' id='word_1_196' title='bbox 397 2217 450 2274; x_wconf 91' lang='lat' dir='ltr'>per</span> <span class='ocrx_word' id='word_1_197' title='bbox 471 2206 582 2273; x_wconf 86' lang='lat' dir='ltr'>species</span> <span class='ocrx_word' id='word_1_198' title='bbox 604 2217 637 2257; x_wconf 90' lang='lat' dir='ltr'>en</span> <span class='ocrx_word' id='word_1_199' title='bbox 659 2204 853 2273; x_wconf 78' lang='lat' dir='ltr'>simpliciores</span> <span class='ocrx_word' id='word_1_200' title='bbox 874 2211 902 2257; x_wconf 87' lang='lat' dir='ltr'>et</span> <span class='ocrx_word' id='word_1_201' title='bbox 922 2201 988 2256; x_wconf 91' lang='lat' dir='ltr'>uni-</span> 
     </span>
     <span class='ocr_line' id='line_1_27' title="bbox 11 2281 724 2353; baseline 0.008 -25"><span class='ocrx_word' id='word_1_202' title='bbox 11 2282 175 2350; x_wconf 80' lang='lat' dir='ltr'>versaliores,</span> <span class='ocrx_word' id='word_1_203' title='bbox 198 2281 323 2353; x_wconf 86' lang='lat' dir='ltr'>ideoque</span> <span class='ocrx_word' id='word_1_204' title='bbox 343 2283 529 2352; x_wconf 78' lang='lat' dir='ltr'>perfectiores</span> <span class='ocrx_word' id='word_1_205' title='bbox 550 2282 724 2353; x_wconf 85' lang='lat' dir='ltr'>intelligere.</span> 
     </span>
    </p>

    <p class='ocr_par' dir='ltr' id='par_1_6' title="bbox 10 2359 986 2513">
     <span class='ocr_line' id='line_1_28' title="bbox 54 2359 986 2434; baseline 0.001 -21"><span class='ocrx_word' id='word_1_206' title='bbox 54 2361 76 2413; x_wconf 80' lang='lat'>5.</span> <span class='ocrx_word' id='word_1_207' title='bbox 105 2359 314 2428; x_wconf 75' lang='lat' dir='ltr'>secundaret,</span> <span class='ocrx_word' id='word_1_208' title='bbox 335 2377 373 2416; x_wconf 85' lang='lat' dir='ltr'>an</span> <span class='ocrx_word' id='word_1_209' title='bbox 394 2359 525 2434; x_wconf 79' lang='lat' dir='ltr'>Angelus</span> <span class='ocrx_word' id='word_1_210' title='bbox 548 2375 661 2432; x_wconf 82' lang='lat' dir='ltr'>temper</span> <span class='ocrx_word' id='word_1_211' title='bbox 682 2370 748 2416; x_wconf 91' lang='lat' dir='ltr'>actu</span> <span class='ocrx_word' id='word_1_212' title='bbox 768 2367 923 2431; x_wconf 85' lang='lat' dir='ltr'>cognoscat</span> <span class='ocrx_word' id='word_1_213' title='bbox 943 2375 986 2428; x_wconf 85' lang='lat' dir='ltr'>ee,</span> 
     </span>
     <span class='ocr_line' id='line_1_29' title="bbox 10 2442 525 2513; baseline 0.006 -23"><span class='ocrx_word' id='word_1_214' title='bbox 10 2445 65 2502; x_wconf 74' lang='lat' dir='ltr'>qtae</span> <span class='ocrx_word' id='word_1_215' title='bbox 82 2442 239 2513; x_wconf 64' lang='lat' dir='ltr'>cognoscit</span> <span class='ocrx_word' id='word_1_216' title='bbox 298 2479 302 2489; x_wconf 66' lang='lat'>,</span> <span class='ocrx_word' id='word_1_217' title='bbox 354 2477 358 2486; x_wconf 82' lang='lat'><em>·</em></span> <span class='ocrx_word' id='word_1_218' title='bbox 442 2498 445 2512; x_wconf 41' lang='grc' dir='ltr'>Ι</span> <span class='ocrx_word' id='word_1_219' title='bbox 518 2483 525 2500; x_wconf 78' lang='grc'>.,</span> 
     </span>
    </p>

    <p class='ocr_par' dir='ltr' id='par_1_7' title="bbox 10 2515 988 2672">
     <span class='ocr_line' id='line_1_30' title="bbox 53 2515 988 2591; baseline 0 -17"><span class='ocrx_word' id='word_1_220' title='bbox 53 2515 264 2590; x_wconf 75' lang='lat' dir='ltr'>Respondent,</span> <span class='ocrx_word' id='word_1_221' title='bbox 294 2517 366 2574; x_wconf 87' lang='lat' dir='ltr'>duas</span> <span class='ocrx_word' id='word_1_222' title='bbox 394 2535 455 2574; x_wconf 83' lang='lat' dir='ltr'>esse</span> <span class='ocrx_word' id='word_1_223' title='bbox 484 2521 680 2591; x_wconf 79' lang='lat' dir='ltr'>cognitiones,</span> <span class='ocrx_word' id='word_1_224' title='bbox 709 2526 841 2589; x_wconf 86' lang='lat' dir='ltr'>respectu</span> <span class='ocrx_word' id='word_1_225' title='bbox 865 2531 988 2590; x_wconf 83' lang='lat' dir='ltr'>querum</span> 
     </span>
     <span class='ocr_line' id='line_1_31' title="bbox 10 2589 816 2672; baseline 0.011 -28"><span class='ocrx_word' id='word_1_226' title='bbox 10 2589 149 2656; x_wconf 87' lang='lat' dir='ltr'>intellectus</span> <span class='ocrx_word' id='word_1_227' title='bbox 172 2599 321 2671; x_wconf 82' lang='lat' dir='ltr'>angelicus</span> <span class='ocrx_word' id='word_1_228' title='bbox 342 2607 386 2653; x_wconf 90' lang='lat' dir='ltr'>est</span> <span class='ocrx_word' id='word_1_229' title='bbox 406 2611 519 2672; x_wconf 84' lang='lat' dir='ltr'>semper</span> <span class='ocrx_word' id='word_1_230' title='bbox 539 2601 572 2654; x_wconf 89' lang='lat' dir='ltr'>in</span> <span class='ocrx_word' id='word_1_231' title='bbox 592 2609 659 2655; x_wconf 88' lang='lat' dir='ltr'>actu</span> <span class='ocrx_word' id='word_1_232' title='bbox 680 2598 816 2654; x_wconf 86' lang='lat' dir='ltr'>secundo.</span> 
     </span>
    </p>

    <p class='ocr_par' dir='ltr' id='par_1_8' title="bbox 13 2673 1063 2976">
     <span class='ocr_line' id='line_1_32' title="bbox 53 2673 1063 2752; baseline -0.002 -22"><span class='ocrx_word' id='word_1_233' title='bbox 53 2673 112 2732; x_wconf 88' lang='lat' dir='ltr'>Una</span> <span class='ocrx_word' id='word_1_234' title='bbox 132 2687 177 2734; x_wconf 84' lang='lat' dir='ltr'>est</span> <span class='ocrx_word' id='word_1_235' title='bbox 197 2679 328 2752; x_wconf 80' lang='lat' dir='ltr'>cognitio</span> <span class='ocrx_word' id='word_1_236' title='bbox 348 2679 577 2748; x_wconf 80' lang='lat' dir='ltr'>supernaturalis</span> <span class='ocrx_word' id='word_1_237' title='bbox 597 2679 741 2736; x_wconf 80' lang='lat' dir='ltr'>beatidcu.</span> <span class='ocrx_word' id='word_1_238' title='bbox 772 2678 857 2734; x_wconf 71' lang='lat' dir='ltr'>llam</span> <span class='ocrx_word' id='word_1_239' title='bbox 878 2675 988 2749; x_wconf 87' lang='lat' dir='ltr'>Angeli</span> <span class='ocrx_word' id='word_1_240' title='bbox 1060 2721 1063 2728; x_wconf 94' lang='lat'><em>.</em></span> 
     </span>
     <span class='ocr_line' id='line_1_33' title="bbox 13 2745 988 2830; baseline 0.005 -25"><span class='ocrx_word' id='word_1_241' title='bbox 13 2745 71 2807; x_wconf 80' lang='lat' dir='ltr'>baad</span> <span class='ocrx_word' id='word_1_242' title='bbox 88 2772 198 2828; x_wconf 86' lang='lat' dir='ltr'>semper</span> <span class='ocrx_word' id='word_1_243' title='bbox 220 2765 288 2813; x_wconf 87' lang='lat' dir='ltr'>sunt</span> <span class='ocrx_word' id='word_1_244' title='bbox 308 2759 462 2814; x_wconf 84' lang='lat' dir='ltr'>actualiter</span> <span class='ocrx_word' id='word_1_245' title='bbox 481 2759 576 2826; x_wconf 87' lang='lat' dir='ltr'>beati,</span> <span class='ocrx_word' id='word_1_246' title='bbox 606 2771 639 2814; x_wconf 87' lang='lat' dir='ltr'>ae</span> <span class='ocrx_word' id='word_1_247' title='bbox 666 2759 790 2830; x_wconf 85' lang='lat' dir='ltr'>proinde</span> <span class='ocrx_word' id='word_1_248' title='bbox 802 2767 924 2827; x_wconf 48' lang='lat' dir='ltr'>*semper</span> <span class='ocrx_word' id='word_1_249' title='bbox 944 2763 988 2811; x_wconf 85' lang='lat' dir='ltr'>est</span> 
     </span>
     <span class='ocr_line' id='line_1_34' title="bbox 13 2827 989 2910; baseline 0.008 -24"><span class='ocrx_word' id='word_1_250' title='bbox 13 2827 35 2882; x_wconf 84' lang='lat' dir='ltr'>it</span> <span class='ocrx_word' id='word_1_251' title='bbox 50 2833 102 2890; x_wconf 90' lang='lat' dir='ltr'>illis</span> <span class='ocrx_word' id='word_1_252' title='bbox 122 2838 276 2894; x_wconf 83' lang='lat' dir='ltr'>actualiter</span> <span class='ocrx_word' id='word_1_253' title='bbox 296 2836 463 2904; x_wconf 80' lang='lat' dir='ltr'>beatitudo,</span> <span class='ocrx_word' id='word_1_254' title='bbox 493 2839 627 2910; x_wconf 80' lang='lat' dir='ltr'>quaein</span> <span class='ocrx_word' id='word_1_255' title='bbox 652 2838 761 2894; x_wconf 84' lang='lat' dir='ltr'>actuali</span> <span class='ocrx_word' id='word_1_256' title='bbox 781 2837 920 2893; x_wconf 82' lang='lat' dir='ltr'>intuiti-va</span> <span class='ocrx_word' id='word_1_257' title='bbox 941 2849 989 2894; x_wconf 85' lang='lat' dir='ltr'>co·-</span> 
     </span>
     <span class='ocr_line' id='line_1_35' title="bbox 15 2909 766 2976; baseline 0.007 -9"><span class='ocrx_word' id='word_1_258' title='bbox 15 2909 117 2976; x_wconf 76' lang='lat' dir='ltr'>niueae</span> <span class='ocrx_word' id='word_1_259' title='bbox 138 2917 258 2973; x_wconf 76' lang='lat' dir='ltr'>divinae</span> <span class='ocrx_word' id='word_1_260' title='bbox 280 2917 422 2975; x_wconf 81' lang='lat' dir='ltr'>essentiae</span> <span class='ocrx_word' id='word_1_261' title='bbox 442 2919 583 2974; x_wconf 80' lang='lat' dir='ltr'>consistit.</span> <span class='ocrx_word' id='word_1_262' title='bbox 763 2935 766 2938; x_wconf 92' lang='lat'>·</span> 
     </span>
    </p>

    <p class='ocr_par' dir='ltr' id='par_1_9' title="bbox 15 2993 991 3388">
     <span class='ocr_line' id='line_1_36' title="bbox 57 2993 988 3068; baseline 0.005 -20"><span class='ocrx_word' id='word_1_263' title='bbox 57 2993 149 3051; x_wconf 84' lang='lat' dir='ltr'>Altera</span> <span class='ocrx_word' id='word_1_264' title='bbox 175 3005 218 3052; x_wconf 88' lang='lat' dir='ltr'>est</span> <span class='ocrx_word' id='word_1_265' title='bbox 245 2997 373 3068; x_wconf 81' lang='lat' dir='ltr'>cognitio</span> <span class='ocrx_word' id='word_1_266' title='bbox 402 2997 561 3064; x_wconf 79' lang='lat' dir='ltr'>naturalis,</span> <span class='ocrx_word' id='word_1_267' title='bbox 594 3011 652 3068; x_wconf 88' lang='lat' dir='ltr'>qua</span> <span class='ocrx_word' id='word_1_268' title='bbox 676 2997 805 3068; x_wconf 84' lang='lat' dir='ltr'>Angelus</span> <span class='ocrx_word' id='word_1_269' title='bbox 833 3011 863 3051; x_wconf 85' lang='lat' dir='ltr'>se</span> <span class='ocrx_word' id='word_1_270' title='bbox 891 2997 988 3067; x_wconf 77' lang='lat' dir='ltr'>ipsum</span> 
     </span>
     <span class='ocr_line' id='line_1_37' title="bbox 15 3071 988 3148; baseline 0 -19"><span class='ocrx_word' id='word_1_271' title='bbox 15 3076 147 3138; x_wconf 66' lang='lat' dir='ltr'>wgnoseit.</span> <span class='ocrx_word' id='word_1_272' title='bbox 196 3075 277 3132; x_wconf 83' lang='lat' dir='ltr'>Sicut</span> <span class='ocrx_word' id='word_1_273' title='bbox 305 3076 386 3132; x_wconf 81' lang='lat' dir='ltr'>enim</span> <span class='ocrx_word' id='word_1_274' title='bbox 414 3091 537 3148; x_wconf 84' lang='lat' dir='ltr'>corpora</span> <span class='ocrx_word' id='word_1_275' title='bbox 563 3075 694 3132; x_wconf 77' lang='lat' dir='ltr'>niventia</span> <span class='ocrx_word' id='word_1_276' title='bbox 721 3088 834 3146; x_wconf 82' lang='lat' dir='ltr'>semper</span> <span class='ocrx_word' id='word_1_277' title='bbox 862 3071 929 3132; x_wconf 82' lang='lat' dir='ltr'>sunl</span> <span class='ocrx_word' id='word_1_278' title='bbox 955 3076 988 3130; x_wconf 94' lang='lat' dir='ltr'>in</span> 
     </span>
     <span class='ocr_line' id='line_1_38' title="bbox 15 3154 991 3228; baseline 0.013 -30"><span class='ocrx_word' id='word_1_279' title='bbox 15 3157 63 3202; x_wconf 82' lang='lat' dir='ltr'>actu</span> <span class='ocrx_word' id='word_1_280' title='bbox 79 3154 219 3221; x_wconf 83' lang='lat' dir='ltr'>secundo,</span> <span class='ocrx_word' id='word_1_281' title='bbox 246 3162 381 3226; x_wconf 85' lang='lat' dir='ltr'>respectu</span> <span class='ocrx_word' id='word_1_282' title='bbox 402 3155 562 3228; x_wconf 81' lang='lat' dir='ltr'>cujusdam</span> <span class='ocrx_word' id='word_1_283' title='bbox 574 3157 752 3225; x_wconf 85' lang='lat' dir='ltr'>operationis</span> <span class='ocrx_word' id='word_1_284' title='bbox 773 3154 891 3224; x_wconf 62' lang='lat' dir='ltr'>nolu,</span> <span class='ocrx_word' id='word_1_285' title='bbox 917 3162 991 3226; x_wconf 76' lang='lat' dir='ltr'>pate</span> 
     </span>
     <span class='ocr_line' id='line_1_39' title="bbox 15 3233 991 3301; baseline 0.002 -16"><span class='ocrx_word' id='word_1_286' title='bbox 15 3237 121 3296; x_wconf 65' lang='lat' dir='ltr'>itmcctu</span> <span class='ocrx_word' id='word_1_287' title='bbox 146 3235 331 3291; x_wconf 77' lang='lat' dir='ltr'>nutritiouirs</span> <span class='ocrx_word' id='word_1_288' title='bbox 350 3235 640 3292; x_wconf 78' lang='lat' dir='ltr'>ita-consentaneum</span> <span class='ocrx_word' id='word_1_289' title='bbox 661 3242 704 3290; x_wconf 87' lang='lat' dir='ltr'>est</span> <span class='ocrx_word' id='word_1_290' title='bbox 724 3235 900 3301; x_wconf 57' lang='lat' dir='ltr'>exhumare,</span> <span class='ocrx_word' id='word_1_291' title='bbox 922 3233 991 3288; x_wconf 88' lang='lat' dir='ltr'>sub-</span> 
     </span>
     <span class='ocr_line' id='line_1_40' title="bbox 17 3309 990 3388; baseline 0.009 -31"><span class='ocrx_word' id='word_1_292' title='bbox 17 3309 113 3366; x_wconf 77' lang='lat' dir='ltr'>turtius</span> <span class='ocrx_word' id='word_1_293' title='bbox 132 3329 206 3384; x_wconf 87' lang='lat' dir='ltr'>pure</span> <span class='ocrx_word' id='word_1_294' title='bbox 226 3313 411 3384; x_wconf 84' lang='lat' dir='ltr'>spiritualer,</span> <span class='ocrx_word' id='word_1_295' title='bbox 436 3316 537 3388; x_wconf 80' lang='lat' dir='ltr'>quales</span> <span class='ocrx_word' id='word_1_296' title='bbox 555 3323 627 3370; x_wconf 86' lang='lat' dir='ltr'>sunt</span> <span class='ocrx_word' id='word_1_297' title='bbox 646 3315 764 3386; x_wconf 86' lang='lat' dir='ltr'>Angeli,</span> <span class='ocrx_word' id='word_1_298' title='bbox 779 3327 901 3386; x_wconf 76' lang='lat' dir='ltr'>semper</span> <span class='ocrx_word' id='word_1_299' title='bbox 921 3320 990 3367; x_wconf 88' lang='lat' dir='ltr'>actu</span> 
     </span>
    </p>
   </div>
   <div class='ocr_carea' id='block_1_3' title="bbox 17 3377 992 3613">
    <p class='ocr_par' dir='ltr' id='par_1_10' title="bbox 17 3377 992 3613">
     <span class='ocr_line' id='line_1_41' title="bbox 17 3377 992 3466; baseline 0.003 -24"><span class='ocrx_word' id='word_1_300' title='bbox 17 3377 99 3444; x_wconf 71' lang='lat' dir='ltr'>libere</span> <span class='ocrx_word' id='word_1_301' title='bbox 127 3394 258 3466; x_wconf 78' lang='lat' dir='ltr'>aliquam</span> <span class='ocrx_word' id='word_1_302' title='bbox 289 3394 487 3464; x_wconf 80' lang='lat' dir='ltr'>operationem</span> <span class='ocrx_word' id='word_1_303' title='bbox 517 3394 636 3448; x_wconf 79' lang='lat' dir='ltr'>vitalem</span> <span class='ocrx_word' id='word_1_304' title='bbox 669 3394 849 3448; x_wconf 77' lang='lat' dir='ltr'>naturaliter.</span> <span class='ocrx_word' id='word_1_305' title='bbox 884 3391 992 3446; x_wconf 68' lang='lat' dir='ltr'>ilcila</span> 
     </span>
     <span class='ocr_line' id='line_1_42' title="bbox 19 3471 991 3613; baseline -0.003 -85"><span class='ocrx_word' id='word_1_306' title='bbox 19 3471 224 3613; x_wconf 49' lang='lat' dir='ltr'>zzglvnttitfigidetur</span> <span class='ocrx_word' id='word_1_307' title='bbox 244 3487 307 3530; x_wconf 85' lang='lat' dir='ltr'>esse</span> <span class='ocrx_word' id='word_1_308' title='bbox 326 3474 400 3544; x_wconf 86' lang='lat' dir='ltr'>ipsis</span> <span class='ocrx_word' id='word_1_309' title='bbox 419 3475 511 3546; x_wconf 81' lang='lat' dir='ltr'>magis</span> <span class='ocrx_word' id='word_1_310' title='bbox 525 3471 677 3543; x_wconf 79' lang='lat' dir='ltr'>naturalis,</span> <span class='ocrx_word' id='word_1_311' title='bbox 698 3487 785 3546; x_wconf 82' lang='lat' dir='ltr'>quam</span> <span class='ocrx_word' id='word_1_312' title='bbox 800 3472 991 3543; x_wconf 81' lang='lat' dir='ltr'>suiipsorum</span> 
     </span>
    </p>
   </div>
   <div class='ocr_carea' id='block_1_4' title="bbox 0 0 1162 3888">
    <p class='ocr_par' dir='ltr' id='par_1_11' title="bbox 0 0 1162 3888">
     <span class='ocr_line' id='line_1_43' title="bbox 0 0 1162 3888; baseline 0 0"><span class='ocrx_word' id='word_1_313' title='bbox 0 0 1162 3888; x_wconf 95' lang='lat' dir='ltr'> </span> 
     </span>
    </p>
   </div>
  </div>
 </body>
</html>
