2304 3888
426 187 465 232 nn
480 187 615 234 4444444.
696 197 704 218 ³
949 170 1012 238 427

36 307 129 362 assumi
148 307 187 362 44
204 305 370 377 puniendos
391 305 560 374 daemones,
588 308 698 377 bosque
722 307 846 377 proinde
865 307 920 364 illo
941 309 1009 380 1444

36 387 322 456 torqueri..

81 464 191 532 Quod
182 466 259 538 ignia
279 466 332 522 ille
353 479 507 535 corporeus
527 467 565 519 eit
585 480 623 526 44
639 465 810 533 materialia,
832 467 863 520 in
884 466 1005 522 dubium

32 557 152 599 revocare
179 559 237 598 nou
265 545 351 614 linet,
380 559 442 599 eum
470 553 498 599 et
519 545 683 614 scripturae
703 551 737 600 et
758 543 854 601 Patres
881 547 937 601 1444
946 558 1008 602 44-

30 638 115 691 praese
142 633 277 681 asserant.
320 585 405 680 11444
433 625 460 696 S.
477 623 631 695 Gregorius
658 623 737 694 Papa
764 624 860 678 11144.
888 625 1003 697 Dialog.

30 701 225 772 4444241444
252 710 389 774 tanquarn
416 710 524 758 eertum
552 704 705 774 proponit,
732 711 761 757 et
785 703 823 759 de
849 703 1005 774 44444111

31 781 161 855 ambigere
175 783 270 838 114444
303 782 383 840 Ets.
395 783 574 854 Augustinus
587 781 640 837 lib
656 781 704 837 41.
727 783 865 840 4441414.
883 780 1003 852 44444.

29 860 72 916 boe
90 869 226 932 tanquam
248 869 356 920 eertum
378 863 507 920 elimat.
540 862 579 916 Et
598 861 666 922 lanio
685 863 803 918 veritati
813 861 1016 918 communiter·

29 940 203 996 subscribunt
224 941 271 995 SS.
287 941 396 998 Patres.

77 1020 159 1088 Quod
180 1025 275 1077 autem
295 1021 333 1078 ab
353 1019 407 1076 1114
431 1021 497 1092 igne
524 1019 678 1076 daemones
705 1027 907 1091 torqueantur,
933 1033 1003 1074 444-

29 1106 72 1152 stat
89 1101 298 1170 suscriptum
319 1099 526 1154 4414441424.
548 1098 601 1154 ubi
622 1099 1011 1168 444144444444144441411,

28 1177 116 1248 144444-
135 1180 246 1236 interni
263 1188 405 1248 ,paratum
433 1194 493 1234 osae
522 1177 641 1235 diabolo
666 1188 693 1234 et
712 1180 833 1251 Angelia
854 1178 939 1250 eiua·
965 1177 1003 1232 Et

28 1257 166 1326 1444211.
195 1258 304 1314 4141444
331 1257 523 1316 4144414414
553 1265 685 1328 stagnum
705 1259 783 1329 ignia
801 1260 920 1323 missus,
949 1257 1003 1314 441

28 1351 79 1390 oum
100 1338 243 1394 bestia-at
262 1337 515 1408 pseudopropheta
534 1337 565 1390 iu
588 1345 734 1395 aeteruum
755 1336 927 1394 erudiendus
949 1344 1010 1391 eat..

27 1415 129 1473 constat
155 1417 244 1475 etiam
271 1431 309 1470 ex
337 1418 364 1472 4.
381 1416 518 1488 Gregorio
542 1424 572 1472 et
598 1418 625 1471 S.
640 1417 802 1488 Augustino
822 1417 895 1472 14414
915 1431 1004 1486 supra

27 1493 122 1562 citatis,
151 1497 184 1552 in
213 1495 321 1566 quibua
341 1503 488 1566 asserunt,
515 1512 573 1552 non
594 1502 703 1553 tanturn
725 1511 846 1565 eorpora
866 1493 1020 1566 reprobo-³

27 1589 77 1628 rum
102 1576 270 1642 bominum,
300 1575 350 1632 444
379 1573 734 1632 44111444444414444414
756 1575 919 1630 inferorum
934 1577 1003 1647 igne

27 1655 157 1723 torqueri·
180 1653 280 1710 eadem
299 1661 395 1710 antam
416 1655 553 1710 eutrotia
575 1653 756 1710 daemonum.

73 1733 216 1800 Quaeres,
245 1733 391 1826 44444444
416 1735 468 1790 1114
497 1735 589 1805 ignia,
615 1749 682 1789 4444
709 1734 747 1788 414
772 1749 942 1804 corporeus,
969 1733 1002 1790 in

26 1808 182 1882 44444444,
210 1815 262 1886 441
290 1815 364 1882 puri
385 1814 503 1883 spiritus
531 1823 625 1880 4444,
646 1829 731 1884 agere
758 1815 850 1882 possit
875 1814 1010 1934 illaeque·

26 1895 150 1961 torquere.
456 1925 458 1933 ι
1048 1955 1050 1963 χ

70 1969 175 2028 Variae
197 1979 264 2026 sunt
284 1987 369 2044 anper
389 1933 444 2026 1444
464 1987 495 2026 re
510 1928 900 2064 Theolognmrusententiae.
937 1969 1007 2025 ant·

25 2048 154 2119 siquidem
177 2051 360 2118 existimant,
382 2051 535 2106 daemones
555 2051 623 2106 ab·
613 2067 681 2122 igne
701 2050 844 2121 torquerl,
865 2052 897 2104 in
910 2064 1002 2119 qnan-

24 2133 71 2184 tum
89 2129 125 2186 ab
147 2131 214 2192 1114
225 2130 406 2198 detinemur,
427 2131 534 2200 illique
554 2129 1011 2200 4141444114414444441114444

23 2207 88 2268 ande
112 2227 131 2266 4
156 2211 188 2266 S.
204 2209 342 2268 144414
362 2207 495 2282 Epistola
521 2210 661 2264 oanonioa
688 2209 824 2264 dicuntur
847 2207 1004 2264 daemones

22 2288 120 2344 41444114
140 2291 261 2344 aeternis
280 2289 329 2343 aab
349 2291 464 2358 ealipiae
485 2290 628 2343 reseruari.
670 2286 734 2344 Alli
754 2288 871 2354 dicunt,
893 2301 941 2340 eoa
961 2285 999 2344 ab

21 2363 76 2435 igne
101 2371 249 2440 torqueri,
277 2381 335 2422 uon
361 2377 474 2424 tanturn
498 2350 570 2438 qui'a
588 2367 627 2422 ab
648 2381 681 2423 44
703 2367 867 2426 detinentur
887 2372 915 2420 et
934 2364 999 2419 alli·

22 2454 125 2536 gantur,
148 2447 201 2508 aad
221 2454 369 2518 praeterea
389 2463 426 2503 ou
446 2461 497 2513 44,
512 2446 599 2518 qnod
617 2447 704 2502 illum
718 2454 854 2518 tanquam
868 2444 929 2500 4141
940 2459 1001 2499 rua·

22 2524 86 2582 rino
106 2525 375 2585 anomvoaieutem
397 2535 425 2584 at
444 2527 582 2584 noeivum
609 2524 846 2597 apprehendunt,
874 2525 941 2580 dnm
968 2534 1000 2580 se

22 2601 51 2658 44
70 2605 120 2662 1114
140 2607 175 2664 in
194 2613 343 2664 aeternnm
364 2604 535 2662 detinendos
549 2605 693 2664 'nantinus
714 2606 855 2677 rogitant,
875 2618 938 2658 ,444
961 2602 999 2656 ab

22 2680 66 2738 ille
84 2685 259 2758 4441444444
280 2685 417 2745 desistere
437 2693 566 2755 possunt
608 2687 673 2742 Alii
693 2685 869 2741 arbitrantur
889 2699 926 2737 ex
944 2679 1000 2738 illa

23 2759 174 2821 detentione
200 2766 232 2820 in
253 2766 292 2820 114
319 2763 395 2836 (Deo
415 2765 457 2822 ita
477 2763 607 2838 volente)
628 2766 699 2822 oriri
719 2765 866 2820 tristitiam
886 2777 920 2816 44
940 2773 1002 2829 4444Δ

23 2837 123 2900 lentiam
150 2843 179 2902 41
205 2845 347 2912 similem,
375 2860 461 2916 quam
488 2844 614 2900 hominia
636 2846 748 2900 animus
769 2859 805 2898 ex
825 2841 998 2898 4414411441
1018 2891 1021 2896 ,
1137 2877 1138 2921 ,

23 2924 136 2992 torporis
153 2924 351 2982 nombaetione
370 2924 563 2994 experiretur.
578 2923 646 2981 Alii
660 2924 771 2990 donent,
793 2923 891 2994 ipsum
902 2921 998 2992 ignem

22 3011 64 3064 per
81 3004 251 3074 qualitatem
268 3003 400 3074 aliquam
421 3004 685 3074 supernaturalem,
712 3004 771 3073 ipsi
798 3002 896 3056 abeo
920 2997 998 3056 1441-

22 3081 84 3148 144,
104 3083 220 3138 realiter
241 3097 325 3154 agere
345 3083 375 3136 in
397 3081 567 3152 daemones,
588 3084 718 3193 ipsisque
739 3082 867 3136 dolorem
887 3089 916 3136 et
935 3093 1000 3135 orn

24 3157 274 3220 4414414441444.

69 3239 175 3298 Verum
203 3241 336 3312 quamvis
362 3241 434 3298 baeu
460 3242 557 3296 omnia
577 3237 772 3314 probabiliter
793 3240 855 3296 diei
876 3233 998 3310 porrina,

23 3319 169 3376 certissima
190 3327 284 3375 tamen
306 3322 433 3378 omnium
453 3320 570 3375 videtur
590 3335 658 3376 ease·
671 3321 813 3376 sententia
833 3319 902 3386 illa,
924 3329 1001 3388 qnae

22 3393 86 3454 nihil
114 3400 184 3457 earn
209 3399 300 3456 bae'
291 3415 323 3454 ru
346 3413 377 3456 re
397 3398 514 3456 4444141
532 3412 616 3468 posse
637 3399 747 3456 asserit.
788 3398 874 3454 Unde
895 3396 923 3452 S.
937 3395 998 3450 Au-

24 3477 143 3540 etatum
161 3476 225 3536 loeo
247 3493 336 3550 supra
353 3479 456 3550 414444,
477 3487 544 3549 post
555 3479 649 3534 multa
663 3493 749 3548 anper
762 3478 817 3534 heo
831 3474 998 3547 quaestione

25 3551 199 3616 4441144144
232 3555 401 3632 44441414,
436 3557 554 3616 aunem
585 3573 667 3628 aspra
617 3557 807 3696 4144114414ιῖ4ὁ
820 3549 1009 3659 λ*4444144114
