2304 3888
130 151 195 222 210
482 171 524 216 or·
543 169 771 218 immutatorem

130 301 256 348 mosa
284 301 371 354 Μιι,
400 309 485 363 cepae
512 293 642 346 tomam
665 294 782 358 asciam,
813 295 862 348 aad
887 295 1129 349 homiaem-Darna

131 371 222 426 Jesom
245 371 392 436 caream,
423 374 469 443 qai
495 373 567 426 solas
589 374 772 442 placationem
791 373 852 428 Deo
880 375 947 428 afore
966 383 1059 443 potest
1074 392 1129 444 pro

131 451 252 506 omnious
271 452 357 504 asim.

193 529 375 586 Probaturl.
396 543 433 584 ex
454 528 481 583 S
505 531 600 587 Leone
622 531 702 600 Papa
723 545 806 588 serm·
821 531 865 586 tle
886 483 1055 597 liatiritaae,
1078 531 1131 588 nbi

131 611 253 680 loquens
275 609 311 666 de
333 591 462 664 Girristo:
486 609 571 674 Nisi
598 610 711 681 inquit,
740 620 810 666 assat
828 611 919 675 Deras,
941 628 995 666 ιιοιι
1016 613 1130 682 offerret

130 690 293 744 remeditans
283 729 290 756 ,
324 690 378 743 niaa'
407 695 477 742 em'et
508 691 597 752 lamo,
629 703 685 744 stoa
707 691 854 760 praeberet
884 693 1040 762 eamus.
1096 693 1131 746 Et

131 771 160 824 S.
176 769 355 842 angustinus
376 769 406 821 in
426 767 545 822 Enclrin
567 785 591 823 c.
609 768 674 824 108.
715 769 819 841 Neque,
841 771 947 842 inquit,
965 787 1021 840 par
1042 774 1131 841 ᾁιιιιιι

130 850 307 907 merorem
325 849 502 902 massoram
515 848 662 913 Olrfatasa,
684 851 739 903 πίοι·
759 859 828 904 earet
840 851 924 904 Deos.
966 850 1005 904 Et
1019 851 1049 906 S.
1064 851 1132 905 Ful·

132 929 243 1002 gentius
265 928 318 982 fib.
348 926 384 980 (le
406 927 518 980 lncarn.
546 943 569 982 c.
586 929 613 982 1.
661 923 839 994 Nalfotemas,
867 929 980 1000 inquit,
1010 931 1132 986 ameno

130 1019 231 1062 actura
251 1009 289 1062 cd
309 1007 485 1078 aaseraadsoa
501 1017 644 1077 peccatam
662 1010 756 1062 met
774 1010 912 1079 sufficiens
932 1018 1013 1080 etque
1029 1011 1131 1066 idoneo

123 1089 221 1160 flaret,
243 1089 297 1140 ιιι“ιιΙ
317 1089 413 1140 acione
438 1085 518 1140 Verbi
538 1088 601 1142 Dei.

191 1167 333 1223 Probatur
353 1165 380 1221 3.
403 1181 438 1220 ea
458 1167 586 1232 ratione,
612 1181 669 1236 qua
690 1169 781 1222 utitur
801 1169 828 1223 S.
850 1168 1005 1222 Ansslnras
1028 1167 1087 1223 lib.
1109 1169 1129 1224 1.

131 1263 182 1304 ona
204 1247 281 1302 Dens
301 1247 387 1300 homo
406 1243 535 1314 cap.21.
578 1245 616 1299 Et
629 1247 657 1300 S.
672 1247 797 1302 Thomas
819 1261 865 1318 qn.
884 1245 909 1300 1.
933 1256 984 1304 art.
1000 1246 1030 1302 2.
1046 1249 1090 1302 ad
1105 1249 1129 1302 2.

130 1327 207 1394 Qrsia
233 1327 345 1380 scilieet
372 1325 403 1378 in
435 1327 515 1380 omui
545 1333 665 1394 peccato
695 1327 812 1380 mortali
843 1326 983 1396 reperitur
1015 1342 1130 1397 semper

128 1408 239 1462 offense
266 1411 294 1458 et
319 1402 430 1474 injuria
450 1404 600 1475 objectiva
627 1405 758 1472 infinita,
788 1415 928 1477 quatenus
957 1412 1000 1460 est
1027 1417 1132 1462 contra

129 1485 272 1540 infinitam
296 1483 351 1538 Dei
371 1483 530 1540 bonitatem
551 1494 579 1538 et
607 1486 819 1540 excellentiam.
867 1487 907 1539 At
934 1501 1002 1540 vero
1032 1489 1130 1542 omnis

130 1563 288 1620 satisfactio
309 1563 376 1633 puri
397 1563 524 1618 hominis
545 1579 604 1618 non
625 1573 719 1633 potest
740 1580 801 1620 esse
822 1566 879 1620 nisi
900 1565 998 1630 finita,
1026 1581 1130 1638 qnan-

128 1645 174 1698 uls
189 1659 226 1697 ex
241 1645 332 1715 gratia
348 1643 401 1696 Dei
421 1638 573 1712 procedam
596 1643 745 1714 quaelibet
766 1645 842 1700 enim
864 1645 956 1716 gratia
977 1652 1130 1700 creaturae

127 1724 236 1778 collata
256 1737 369 1791 semper
389 1729 430 1775 est
451 1723 534 1776 finita
554 1724 670 1793 ipsique
694 1723 788 1778 solum
816 1725 926 1780 confert
953 1721 1129 1795 dignitatem

129 1803 249 1856 finitam.
292 1801 362 1854 Inde
384 1801 529 1872 seqnitur,
552 1814 588 1856 ex
607 1801 662 1856 illa
683 1804 955 1861 nullam‘actionem
969 1803 1130 1872 procedere

126 1895 223 1953 posse,
245 1895 319 1952 quaa
339 1879 441 1934 illatae
460 1879 586 1952 injuriae
605 1890 633 1936 et
646 1883 770 1938 offensae
785 1883 953 1938 commissae
968 1883 1009 1939 ait
1022 1897 1129 1955 aequa·

127 1962 175 2026 lis,
191 1975 225 2015 ao
237 1961 362 2015 sufficiat
377 1957 414 2014 ad
427 1962 584 2030 perfectam
600 1961 873 2032 etaequiralentem
888 1962 1128 2018 satisfactionem.

129 2063 133 2072 ·
179 2041 437 2096 peramanter
458 2053 507 2107 eo,
530 2037 609 2116 qnod
631 2043 757 2112 gravitas
777 2043 892 2112 peccati
912 2041 1080 2097 desumitur
1095 2059 1130 2098 ex

128 2119 270 2193 dignitate
298 2127 326 2173 et
358 2119 532 2174 excellentia
562 2121 661 2188 illins,
693 2122 743 2191 qul
773 2120 945 2188 offenditn13
977 2124 1129 2191 quantitas

128 2215 196 2254 vero
218 2209 246 2255 et
266 2199 433 2271 magnitudo
452 2201 657 2255 satiafaotionis
671 2215 708 2254 ex
724 2199 864 2272 dignitate
877 2213 1030 2272 personae,
1055 2217 1129 2272 qnae

127 2279 276 2334 satisfacit.
318 2279 359 2332 ftt
377 2279 410 2332 in
431 2280 510 2333 omni
529 2287 650 2350 peccato
671 2279 786 2337 mortali
807 2282 850 2346 is,
879 2280 929 2351 qui
958 2279 1128 2349 offenditur,

124 2374 239 2429 semper
257 2365 301 2414 est
319 2358 467 2424 infinitus,
494 2372 599 2430 nempe
620 2360 714 2427 Daus;
745 2361 777 2414 in
804 2359 1003 2416 satisfactione
1030 2369 1129 2416 summ

124 2440 193 2510 puri
213 2438 340 2492 hominis
361 2439 404 2504 ia,
434 2439 485 2508 qui
505 2439 662 2507 satisfacit,
689 2451 802 2508 semper
829 2445 871 2494 est
895 2439 1004 2494 finitas.
1027 2441 1128 2512 'Ergo

124 2517 309 2588 impossibile
338 2525 395 2583 est,
423 2515 455 2570 in
477 2516 538 2588 ejus
560 2518 772 2585 satisfactione,
800 2518 988 2589 quantumvis
1010 2535 1128 2590 magns,

126 2607 212 2669 posse
233 2596 356 2666 reperiri
377 2595 580 2666 aequalitatem
601 2611 667 2650 oum
683 2597 812 2652 mansa·
803 2613 835 2652 ιιι
850 2597 943 2652 Deam
958 2600 1126 2654 commissa

187 2676 214 2731 3.
256 2675 323 2732 Jam
344 2690 414 2729 vero
436 2675 513 2745 quod
536 2676 666 2731 Chrisma
688 2675 844 2743 Dominus,
874 2677 952 2731 Deus
977 2687 1008 2732 et
1027 2680 1126 2748 homo,

122 2747 253 2826 potuerit
273 2753 310 2809 tle
329 2753 476 2826 condigno
489 2763 518 2810 et
531 2757 749 2826 aequivalenter
761 2771 815 2826 pro
829 2757 956 2826 peccau's
969 2757 1127 2812 hominnm

125 2837 307 2902 satisfacere,
333 2843 363 2889 et
384 2850 414 2890 re
434 2836 500 2904 ipsa
520 2833 706 2904 satisfecerit,
735 2835 923 2906 probaturi.
946 2849 984 2889 ex
1006 2837 1125 2894 dnobus

124 2916 199 2970 loeis
219 2913 363 2984 Apostoli

186 2993 300 3048 Primus
320 2994 402 3048 locus
423 2991 546 3048 habetur
568 3009 630 3062 cap.
646 2949 691 3047 to
707 2993 800 3062 Epist
822 2994 860 3049 ad
874 2993 961 3048 Hebr.
977 2995 1031 3049 ubi
1045 2997 1127 3064 Apo

123 3073 217 3128 stolus
238 3075 387 3128 conferma
408 3069 579 3129 Sacerdotes
592 3074 733 3143 antiquae
754 3073 825 3145 legis
847 3073 1004 3145 eorumque
1032 3077 1125 3132 sacri-

126 3153 192 3206 ficia
220 3168 284 3208 oum
314 3153 427 3208 Christo
450 3152 576 3224 ejusque
596 3153 782 3208 sacmflcfo
772 3169 803 3207 ιιι
833 3167 928 3208 eruce
946 3169 1002 3224 pro
1032 3153 1124 3208 nohis

123 3231 222 3286 oblato
244 3231 285 3285 sic
305 3231 449 3300 loquitur:
491 3232 530 3286 Et
558 3233 643 3286 mois
668 3233 776 3302 quidese
796 3231 930 3288 Sacerdos
945 3243 1059 3304 psuseao
1081 3244 1127 3287 eet

125 3311 243 3381 quotidie
269 3310 426 3377 minumum
453 3319 478 3364 et
494 3341 495 3346 κ
509 3313 616 3365 easdam
642 3327 724 3382 scapo
755 3312 870 3382 offerens
900 3313 1016 3376 hostica,
1049 3329 1126 3384 quae

120 3403 260 3457 uunquam
268 3397 382 3455 poseant
397 3390 506 3458 cosme
513 3399 646 3460 peccata:
667 3391 711 3444 fc'c
727 3400 821 3446 actem·
837 3391 980 3460 (camus
998 3393 1124 3461 seilicet)

124 3481 205 3520 anem
220 3469 412 3534 propeccatis
433 3467 548 3536 offerens
568 3471 689 3534 masaa,
710 3487 767 3525 raro
780 3472 913 3528 oblatione
927 3475 1125 3526 ammonia

123 3547 152 3598 ia
185 3552 323 3598 sesamam
344 3545 543 3614 sanctificatos.
582 3547 710 3616 -Quibua
741 3551 839 3606 rubis
855 3551 1027 3621 ··Apostotm
1058 3550 1124 3606 lroe
