2332 3880
118 104 168 171 VI
500 167 505 171 ,
529 122 704 170 saturnio.

93 247 218 312 'dotali
240 244 504 310 consultissimum
527 245 611 326 fore,
643 244 670 306 si
698 266 739 308 ex
761 243 908 308 universa
929 241 1117 330 Theologia,

120 339 186 394 tam
217 327 424 416 speculativa,
461 349 518 392 seu
550 333 597 410 (ut
625 331 750 405 vocant)
784 323 984 408 scholastica,
1021 349 1118 412 quam

121 412 268 500 practica,
291 433 347 477 seu
367 410 489 493 morali,
513 432 551 475 ea
570 411 768 496 potissimum
788 409 1007 496 seligerentur,
1030 431 1068 474 ac
1084 410 1120 474 in

121 493 283 581 quoddam
313 493 413 560 veluti
445 493 666 582 compendium
696 491 932 578 redigerentur,
965 514 1047 578 quae
1077 493 1117 558 ab

68 652 71 656 .
121 578 276 647 universis
299 574 522 644 Sacerdotibus
544 577 683 653 maxime
696 575 769 640 sciri
783 584 922 673 oportet,
945 584 980 640 ut
993 577 1119 642 muneri

121 683 179 726 suo
204 649 417 742 satisfacere,l
431 681 604 746 omnesque
632 659 765 744 injuncti
792 659 851 724 srbi
881 658 975 724 officii
1001 669 1118 748 partes,

122 753 157 808 ut
177 767 235 830 par
255 753 318 827 est,
341 743 515 830 adimplere
534 751 680 840 possent,
716 739 788 827 Qua
806 743 930 812 ratione
951 743 988 806 iis
1010 743 1118 830 aliquo

146 839 214 894 acto
235 823 471 914 provideretur,
499 849 554 913 qul
578 827 707 912 jamud
733 822 944 894 sacerdotium
970 827 1118 914 promoti,

122 849 218 995 injus
233 920 339 976 tamen
355 909 479 976 divinae
493 910 641 974 scientiae
654 909 808 990 notitiam,
828 909 979 996 temporis
993 909 1118 996 injuria,

123 1002 178 1057 aut
198 1015 305 1058 rerum
327 993 387 1056 sibi
407 993 449 1056 ad
475 993 509 1058 id
536 993 783 1066 necessariarum
805 993 944 1073 deiectu,
976 1002 1030 1058 aut
1058 992 1119 1057 alia

122 1076 234 1222 gnavis
257 1095 297 1140 ex
319 1097 412 1140 causa
433 1098 632 1164 comparare,
654 1076 707 1140 uel
728 1075 956 1162 neglexerunt,
979 1076 1031 1140 vel
1050 1075 1119 1141 nul-

13 1165 15 1172 ‘
136 1165 447 1246 atsessotuermt·
483 1161 537 1242 Ac
554 1158 1119 1253 eimfaliisusiitndosiseone

122 1261 191 1305 ram
219 1249 392 1323 naverunt,
411 1241 574 1330 illiusque
600 1239 755 1326 studium,
782 1252 835 1324 aut
861 1251 977 1326 totum,
1007 1251 1061 1308 aut
1086 1243 1118 1306 in

122 1334 245 1414 partem
267 1325 386 1390 emensi
399 1341 402 1346 ·
415 1327 512 1408 sunt,
539 1345 579 1389 ex
599 1323 744 1412 plurimis
774 1334 804 1390 et
833 1325 943 1408 variis,
975 1346 1057 1412 quae
1086 1327 1117 1388 in

147 1407 279 1473 alaestra
301 1408 479 1494 theologica
500 1409 690 1492 didicerunt,
714 1429 750 1474 ea
771 1409 967 1494 potissimum
990 1409 1030 1474 ob
1047 1431 1118 1474 ocu-

123 1429 172 1556 ios
193 1491 362 1574 haberent,
390 1513 471 1578 quae
491 1491 629 1556 maxime
649 1492 725 1580 ipsis
746 1491 852 1576 utilia,
873 1492 936 1558 imo
959 1501 990 1556 et
1010 1513 1117 1558 neces·

124 1574 206 1640 saria
228 1595 296 1639 esse
318 1583 493 1654 censentur.
611 1647 614 1654 λ

120 1679 124 1716 1
181 1655 275 1720 vHine
290 1667 390 1745 patet,
419 1659 564 1754 quisnam
592 1658 632 1722 sit
659 1659 754 1744 hujus
775 1659 879 1745 operis
909 1651 1042 1745 scopus}
1072 1659 1117 1722 ni·

121 1739 239 1804 mirum
258 1739 308 1804 his
336 1750 368 1806 et
387 1738 449 1804 ilhs
470 1763 575 1826 aeque
592 1741 770 1822 consulere,
804 1751 835 1806 et
856 1742 897 1806 ad
919 1742 981 1806 hoc
1000 1741 1118 1828 praeci-

117 1843 209 1920 puas
223 1844 260 1886 ac
277 1823 356 1888 scitu
370 1823 507 1914 maxime
521 1825 711 1889 necessarias
727 1825 873 1890 veritates
884 1847 930 1889 ‘ex
943 1825 1116 1890 vastissimo

119 1905 179 1970 rllo
201 1905 398 1992 theologicae
418 1907 566 1972 scientiae
587 1908 658 1970 sinu
679 1907 953 1996 ueluti'pretiosas
965 1909 1116 1994 quasdam

119 1989 308 2136 paffargaritas
333 1989 502 2075 colligere,
537 1991 678 2078 ipsisque
704 1993 871 2056 iumenta
899 1991 1115 2058 recondendas

119 2098 123 2131 r
171 2093 252 2136 erre
292 2113 300 2122 -=
363 2121 366 2126 -
828 2125 831 2131 .

153 2201 154 2204 ,
187 2151 234 2219 Ut
245 2177 330 2220 vuero
351 2157 437 2236 bunc
454 2157 552 2220 finem
566 2179 602 2220 ac
616 2177 747 2253 scopum
761 2157 1116 2242 authorassequeretur,
1151 2167 1152 2230 j

119 2258 161 2302 ua
181 2238 379 2332 potissimum
400 2239 432 2303 in
460 2239 520 2304 hac
539 2239 717 2326 theologica
739 2241 870 2327 synopsi
891 2241 1027 2326 seligere
1047 2263 1116 2327 pro

122 2329 259 2406 positum
272 2321 329 2384 illi
349 2321 424 2403 luit,
453 2344 535 2407 quae
560 2332 627 2386 tum
649 2321 689 2386 ad
710 2323 785 2388 fidei
805 2347 837 2388 m
862 2324 956 2387 steria
983 2345 1061 2388 sane
1082 2343 1116 2386 ac

119 2411 210 2468 recte.
225 2403 450 2490 intelligenda,
474 2415 506 2469 et
525 2428 545 2468 a
565 2405 726 2492 quibusvis
742 2345 900 2472 erroribus
914 2405 1115 2487 secernenda

120 2493 188 2551 tum
211 2487 250 2552 ad
273 2483 477 2552 Sacramenta
497 2487 602 2553 debite
624 2489 818 2554 conficienda
846 2489 1115 2572 etministranda,

122 2575 190 2632 tum
212 2569 252 2632 ad
274 2571 413 2638 actiones
434 2570 602 2651 humanas,
621 2570 715 2654 juxta
736 2572 862 2636 divinae
879 2572 959 2668 legis
974 2595 1116 2638 normam

118 2650 303 2735 dirigendas
318 2652 494 2716 con-ducere
509 2663 649 2739 possunt,
670 2655 792 2748 omissis
806 2653 1115 2724 aliisdrfficilioribus

122 2742 154 2800 et
182 2735 396 2799 subtilioribus
424 2735 435 2797 i
459 2736 521 2799 sius
543 2736 738 2820 Theologiae
768 2739 1020 2824 quaestionibus,
1053 2759 1115 2803 non

121 2817 251 2902 qrddem
272 2827 308 2882 ut
328 2758 505 2896 inutihiius,
525 2819 652 2906 *quippe
674 2843 755 2906 quae
776 2821 910 2886 multum
939 2821 1115 2908 splendoris

115 2921 158 2964 ac
179 2900 301 2966 roboris
319 2896 396 2966 huic
418 2901 543 2966 divinae
564 2903 713 2969 scientiae
734 2905 847 2970 afferre
885 2913 1010 2986 essunt,
1033 2905 1115 2970 ideo·

116 3005 184 3082 que
206 3008 226 3047 a
245 2984 481 3070 sapientissimis
503 2983 662 3072 Magistris
685 2995 716 3052 et
730 2927 921 3052 Doctoribus
940 3009 1011 3052 cum
1026 2989 1115 3054 uber·

119 3087 200 3130 rimo
228 3067 431 3152 ingeniorum
455 3068 559 3132 fructu
583 3077 786 3152 tractantur,
805 3071 861 3136 sed
889 3081 925 3136 ut
951 3071 1006 3134 fini
1036 3095 1055 3136 a
1083 3093 1114 3135 so

120 3150 242 3214 intento
263 3147 369 3216 ndnus
391 3152 585 3216 necessariis.¹

144 3271 145 3274 =
183 3232 223 3296 In
244 3232 304 3296 hac
323 3243 429 3298 autem
450 3229 553 3322 prima
572 3235 666 3320 hujus
691 3237 795 3322 operis
817 3247 923 3324 parte,
947 3259 1043 3322 quam
1065 3259 1114 3302 ex-

119 3314 225 3398 hibet,
248 3339 393 3402 quaequc
413 3319 654 3405 praecipuarum
675 3320 898 3386 veritatum-ad
911 3319 986 3386 fidei
1000 3333 1115 3408 myste

119 3397 167 3460 ria
188 3400 396 3485 spectantium
418 3401 658 3466 elucidationem
681 3403 931 3490 complectitur,
945 3404 1031 3467 huno
1060 3403 1115 3468 sibi

13 3543 14 3576 ᾖ
115 3482 246 3566 majoris
261 3483 421 3548 facilitatis
433 3484 537 3571 gratia
549 3485 862 3574 ordinem-praefixit
877 3527 879 3532 ·
896 3486 948 3554 Ut
957 3486 1077 3552 sellim
1091 3493 1114 3554 l.

790 3655 806 3686 l
