2316 3892
124 135 187 202 326
473 151 511 195 na
535 147 761 196 ιιιιιιιιιιιιιι.

184 273 325 329 Probatur
337 269 366 326 θ.
392 287 429 328 ex
446 269 589 342 ‘symbolo
604 273 826 341 Apostolorum,
849 273 902 326 uhi
925 271 1057 328 Ghmstus
1077 273 1125 327 di-

124 351 199 408 oltur
220 359 375 421 conceptus
397 351 432 406 de
446 352 557 421 spiritu
578 355 694 419 taneto,
716 359 801 406 uatus
823 367 860 406 ex
873 351 969 406 liaris
982 353 1122 425 Virgine3

126 431 357 504 cujus‘Symboli
379 429 531 502 apostolici
552 429 726 485 authoritate
745 438 917 502 perpetrem
937 431 1044 487 beatae
1062 433 1123 486 hla-

125 512 186 565 riae
199 511 396 584 virginitatem
410 512 512 566 astruit
527 511 554 565 S.
566 509 738 566 Ambrosius
751 512 835 582 epist.
847 509 896 566 et.
919 509 959 564 nd
975 511 1121 567 Sirieium.

153 632 157 638 .
184 591 328 650 ,Probatur
341 590 369 646 3.
390 605 427 646 ex
447 589 475 646 S.
491 591 587 646 Leone
606 589 687 659 Papa
707 605 792 648 serm
807 589 836 648 i.
861 590 901 644 de
919 589 1043 650 Nativit.
1067 592 1123 646 Do·

127 672 209 728 mini.
251 670 377 727 Hunno
397 667 525 741 (iuquit)
542 685 592 724 suu
613 679 638 723 et
659 671 862 734 emortuum,
885 671 959 741 quod
979 672 1122 736 medinm,

127 760 217 817 canen·
244 751 293 806 sed
319 751 412 804 dicho
427 757 563 820 potestate
582 749 723 806 ninum
744 759 796 815 est,
828 751 900 822 qnod
923 749 1006 820 Vtrpo
1028 768 1125 806 oenoe-

123 833 212 902 pesit,
245 829 326 900 Vis-po
348 830 501 901 pepererit,
529 839 556 886 et
579 827 661 898 Vt'ryo
682 831 873 899 permanserit.
916 829 953 886 lit
979 830 1009 884 Β.
1026 832 1126 902 Augu·

129 911 222 965 atinus
243 910 326 980 episi.
342 907 369 964 3.
392 907 431 962 ad
450 909 659 964 Volusianum:
701 909 767 980 Ipran
786 911 871 964 cirins
890 911 987 968 diuino
1002 927 1059 979 per
1079 913 1125 962 in-

127 991 244 1044 uiolatos
263 989 359 1044 manu
379 989 516 1058 rirpineue
536 989 641 1044 vincern
661 989 779 1046 martra
798 989 915 1059 insontia
929 990 1031 1051 educit,
1052 1007 1123 1060 quae

124 1079 223 1140 pecten
237 1085 291 1140 pse
311 1069 405 1122 curuo
425 1069 496 1122 ostio
515 1068 634 1122 munira
646 1069 757 1138 juvenis
777 1069 934 1124 introducit

70 1148 72 1153 ’
187 1146 352 1204 Notandum
372 1152 415 1202 est
428 1145 458 1200 2.
485 1147 696 1204 sanctissimam
716 1144 870 1220 Virginem
886 1149 982 1206 omnis
1003 1163 1124 1218 mus

128 1227 238 1284 doloris
258 1227 290 1282 lu
310 1233 396 1296 portu
416 1234 562 1296 expertam
583 1227 681 1283 luisse.
804 1239 806 1245 ·

145 1346 149 1352 ·
188 1308 232 1362 lta
252 1305 353 1361 Patres
373 1306 399 1358 6.
412 1305 528 1376 synodi
549 1307 691 1378 pueritie
712 1321 775 1363 usn.
791 1303 837 1362 79.
867 1305 974 1376 aesque
994 1307 1052 1360 ullo
1073 1309 1123 1360 do-

127 1389 184 1444 lore
208 1386 327 1455 Virpinis
341 1395 531 1456 parimente
552 1385 715 1455 wirdunun
742 1385 781 1440 lit
797 1386 824 1442 S.
840 1386 1023 1456 Augustinus
1038 1401 1122 1443 serm.

129 1465 166 1521 de
185 1463 393 1534 Assumptione
413 1465 684 1535 bealaeVirginisr
715 1465 776 1520 ‘Illo
795 1466 880 1529 enin,
909 1465 1023 1535 iuquit,
1053 1483 1123 1536 puae

126 1546 186 1598 eine
208 1546 317 1615 petenti
343 1545 513 1614 corruptione
537 1553 563 1598 et
583 1546 641 1599 aine
661 1545 749 1604 virilu
769 1545 941 1601 emonis
962 1546 1123 1602 nmo

129 1622 265 1680 Christum
285 1626 414 1694 suscepit,
436 1625 495 1682 sine
515 1625 607 1684 dolore
621 1627 739 1696 peperit
775 1625 803 1678 S.
825 1625 1019 1694 Hieronymus
1042 1624 1121 1681 deni-

127 1718 184 1774 que
205 1703 258 1758 lib.
280 1711 379 1758 eontra
400 1697 567 1760 Helvidium
588 1718 652 1774 cap.
668 1703 695 1758 4.
723 1701 756 1758 id
782 1703 902 1772 probat,
930 1719 967 1756 ex
986 1718 1022 1768 eo
1044 1704 1121 1774 qnod

127 1782 158 1853 in
174 1781 335 1854 Evangelio
351 1781 467 1849 dicitur,
482 1780 596 1836 beatam
610 1783 760 1853 Virginem
773 1797 914 1852 puerum
908 1782 1009 1858 Iesum
1024 1799 1119 1838 recens

57 1875 58 1878 ¹
127 1844 226 1916 natum
248 1861 308 1918 suis
329 1859 462 1916 manibus
483 1862 588 1931 pannis
609 1863 781 1928 involvisse,
804 1863 884 1916 etin
905 1851 1059 1937 praesepio
1081 1877 1119 1916 re·

128 1938 268 2008 cliuasse,
290 1957 344 1996 nec
365 1941 426 1995 ulla
448 1937 601 1996 obstetrice
625 1957 696 2010 opus
718 1940 863 1996 habuisse.

187 2017 206 2052 ὓ
225 2019 390 2074 Notandum
406 2021 432 2074 3.
462 2035 499 2074 ex
527 2021 554 2074 S.
578 2020 700 2076 Dootore
729 2029 838 2090 quaest.
854 2019 902 2074 35.
931 2029 985 2076 aot
1005 2021 1023 2074 'l
1047 2031 1074 2075 et
1092 2019 1116 2076 8.

128 2101 203 2170 inter
217 2101 276 2154 aliu
289 2101 417 2172 plurima
432 2099 614 2168 discrimina,
627 2114 709 2172 ¹quue
723 2101 799 2154 inter
813 2101 997 2154 nativitatem
1014 2101 1116 2154 Christi

128 2185 157 2240 et
176 2181 300 2236 eliorum
321 2179 476 2234 infantium
499 2179 695 2250 reperiuntur,
725 2179 802 2236 illud
823 2174 1057 2234 consideratione
1078 2179 1117 2232 di-

128 2272 215 2330 gnum
244 2273 321 2326 esse,
350 2253 429 2329 q'uod
456 2257 508 2311 alii
529 2259 653 2316 infantes
674 2257 976 2332 nascuntursubjecti
996 2253 1118 2315 necessi·

127 2339 180 2393 tati
202 2339 353 2408 temporis3
376 2337 507 2392 Christus
528 2353 596 2392 vero
618 2347 754 2408 tunquam
776 2337 916 2398 Dominus
938 2347 966 2392 et
987 2337 1116 2394 conditor

127 2419 255 2473 omnium
277 2426 437 2488 temporum
458 2417 546 2490 elegit
566 2417 623 2474 sibi
646 2421 774 2488 tempus,
803 2410 917 2487 inquo
938 2427 1117 2488 nasceretur,

127 2505 156 2553 et
184 2511 236 2551 nec
264 2495 365 2562 citius,
396 2512 447 2552 nee
474 2494 585 2556 tardius
613 2495 661 2550 vel
689 2497 775 2551 unico
796 2504 939 2552 momento
962 2505 1115 2564 natusest,

128 2591 214 2648 quern
234 2577 297 2644 ipse
318 2577 400 2628 nesci
421 2575 522 2629 voluit.
557 2575 641 2630 Unde
661 2577 819 2645 Apostolus
841 2584 925 2632 vocnt
942 2583 1057 2646 tempus
1074 2593 1116 2630 na

127 2655 249 2710 tiritntis
279 2654 386 2708 Christi
409 2655 604 2724 plenitudinem
632 2657 780 2730 temporis,
809 2653 846 2708 ad
874 2651 969 2710 Galat.
992 2655 1021 2710 4.
1063 2655 1115 2710 Nec

125 2731 307 2792 solummodo
328 2740 456 2804 tempus,
479 2733 531 2788 sed
551 2741 578 2788 et
598 2735 696 2789 locum
716 2735 877 2788 nativitatis
898 2749 967 2789 suae
989 2734 1114 2790 Christus

127 2813 185 2870 sibi
207 2810 330 2886 delegit,
359 2814 505 2868 civitatem
533 2815 646 2889 scilicet
667 2815 831 2884 Bethleem,
858 2822 918 2868 tum
940 2822 972 2868 nt
993 2813 1115 2884 Prophe

126 2895 199 2961 tine,
223 2893 304 2965 quae
317 2890 354 2947 de
372 2895 554 2964 ipsoeraut',
583 2895 788 2964 implerentur,
800 2899 878 2948 'tum
899 2897 935 2950 ut‘
953 2907 1114 2964 agnoscere-

125 2979 187 3040 tur,
209 2987 270 3027 esse
292 2971 328 3027 de
349 2971 433 3028 domo
455 2980 483 3028 et
503 2973 615 3027 familia
630 2973 742 3040 David,
755 2971 816 3042 *qui
831 2989 868 3027 ex
880 2971 1031 3028 Bethleem
1046 2981 1114 3028 ortus

126 3060 202 3118 eret,
232 3060 259 3106 et
285 3052 355 3108 inde
382 3045 522 3123 adregni
542 3053 663 3108 Judaloi
681 3052 788 3106 solium
810 3060 989 3126 assumptus,
1021 3061 1049 3108 et
1074 3051 1113 3106 cui

125 3133 298 3224 promissum
316 3132 425 3198 ',iuerat
448 3131 526 3202 quod
548 3131 666 3204 exejus
688 3131 776 3202 stirpe
785 3130 929 3186 Christus
943 3139 1111 3196 nasceretur,

128 3219 158 3266 ut
185 3225 221 3262 ex
249 3210 313 3278 ipso
341 3212 406 3264 loco
434 3211 596 3266 nativitatis
619 3211 727 3266 Christi
747 3212 900 3282 promissio
922 3211 949 3265 ei
971 3209 1076 3302 iacta'
1070 3225 1114 3263 rn-

125 3289 206 3358 pieta
230 3287 435 3373 ostenderetur.
