2316 3892
115 115 196 186 ’818
449 154 461 176 ι
488 129 769 182 aversissimam
846 164 849 171 f

134 251 381 326 saw-utres.
391 256 587 324 promura-
607 257 680 308 tuost
697 255 763 326 qaid
776 257 963 327 uokttspaia
986 258 1051 310 ηιιι
1073 265 1142 310 nuo

134 338 227 394 orditi
252 336 330 406 quid,
361 335 417 390 uiri
442 338 679 404 mmmmm
704 334 736 390 8.
756 336 815 390 Leo
836 334 917 405 Papa
937 349 1028 390 serm.
1056 334 1085 390 i.
1108 336 1142 392 da

134 417 230 472 Natis.
259 415 388 478 Christro,
410 416 480 468 siem
499 415 638 468 nudans
656 415 871 468 roasa-tumn
888 417 1002 484 reperit,
1029 417 1073 470 itu
1088 423 1145 486 pro

135 495 286 556 dimedio
304 495 425 548 neuim
444 495 525 548 venit.
563 493 595 549 8.
618 493 780 548 uenarum
808 495 840 548 in
861 495 906 548 Ps.
937 495 995 556 Qui
1025 497 1138 550 dabunt.

134 577 212 632 utrm
226 584 343 646 poem
361 573 705 629 maurmunster
735 573 850 628 &sator
873 589 1001 628 meuses
1026 583 1076 642 tu‚·
1103 579 1145 630 sie

129 665 354 730 permutationes
375 655 599 708 immotum
620 655 724 708 disere:
752 651 916 724 Redeatptor
942 669 1025 709 meras
1054 673 1086 708 ee
1105 665 1138 707 ιιι.

135 737 186 792 iiis
211 729 366 790 addimus·
389 733 492 788 beatae
524 733 685 787 memoriae·
713 733 743 786 8.
770 731 952 789 Brauniacum
992 735 1139 789 Saiesium

134 812 351 871 &bonnensem
368 809 576 882 -sspiseopnm
610 813 658 865 ιιι·
672 819 795 866 ιιιιιιιι
822 813 861 866 de
888 813 1001 868 Amore
1038 813 1139 868 divino

135 896 187 950 tto.
204 897 231 948 8.
248 905 310 963 sap.
326 895 353 945 8.
369 891 421 946 ubi
441 891 506 952 inse
520 890 647 946 ,modam
669 891 818 946 veritatem
842 891 926 946 donet
945 901 977 946 et
1000 893 1120 963 probat

193 999 221 1054 2.
258 995 477 1052 Observandum
499 1005 541 1050 est
562 1005 671 1064 autem,
694 997 724 1050 iu
747 997 783 1068 iis
801 997 968 1066 Scripturas
994 1009 1026 1053 et
1043 1001 1074 1054 8.
1089 999 1136 1052 Pa·

134 1089 208 1135 trum
222 1069 403 1133 'testimoniis
426 1073 483 1132 duo
504 1075 672 1147 praesertim
695 1075 764 1130 diei.
806 1074 934 1130 Primum
955 1087 1023 1150 est,
1060 1079 1136 1132 Chri-

134 1167 208 1214 stum
231 1157 385 1212 Dominum
407 1159 611 1226 semetipsum
634 1153 765 1223 dedisse,
794 1155 965 1223 tradidisse,
993 1157 1135 1214 obtulisse

135 1245 187 1292 eto.
211 1251 283 1308 quae
305 1231 394 1288 verba
415 1235 578 1306 significant
600 1243 692 1289 actum
715 1232 889 1302 voluntatis,
918 1251 977 1309 quo
1003 1237 1134 1292 Christus

134 1310 290 1382 Dominus,
320 1321 458 1387 quantum
481 1331 517 1369 ex
537 1315 602 1386 ipso
623 1315 692 1382 tuit,
718 1315 862 1384 passionis
877 1313 918 1368 'ae
939 1317 1049 1370 mortis
1073 1331 1133 1370 suae

133 1398 234 1452 merita
255 1391 423 1467 applicavit.
460 1394 622 1449 Secundum
637 1402 693 1460 est,
716 1395 791 1448 hane
806 1390 995 1460 traditionem
1012 1405 1043 1450 et
1059 1397 1133 1452 obla·

134 1477 242 1530 tionem
264 1475 367 1528 iactam
390 1475 479 1528 inisse
500 1491 553 1544 pro
576 1473 710 1529 omnibus
731 1473 907 1540 hominibus,
928 1489 986 1544 pro
1005 1475 1132 1545 peccatis

133 1555 219 1609 totius
241 1552 358 1620 mundi,
382 1553 558 1624 quod'nihil
579 1553 659 1606 aliud
682 1553 840 1625 signifieat,
873 1567 957 1624 quarn
986 1555 1129 1611 Christum

133 1633 288 1689 Dominum
315 1633 482 1686 meritorum
511 1648 626 1687 suorum
655 1631 798 1699 valorem
831 1639 971 1704 quantum
1006 1635 1039 1688 in
1071 1635 1129 1703 ipsu

131 1715 202 1786 init,
229 1713 406 1782 militasse,
436 1711 493 1764 n'on
515 1713 607 1766 solnm
628 1711 866 1782 praedestinatis,
897 1711 947 1764 sed
970 1714 1125 1784 generatim

132 1754 265 1846 omnibus
287 1791 404 1845 omnino
425 1787 609 1846 hominibus.
644 1793 705 1846 sive
726 1789 966 1874 praedestinatis.
1001 1795 1065 1847 sive
1091 1808 1127 1846 re·

129 1871 246 1942 probis,
265 1871 331 1925 siue
353 1871 414 1924 ulle
436 1867 614 1942 exceptione
981 1891 983 1896 ¹

189 1964 373 2025 Probaturd.
401 1969 457 2022 hae
486 1968 613 2022 ratione:
644 1983 727 2038 pro
719 1968 756 2023 iis
778 1967 913 2024 omuibus
935 1941 1070 2025 mortuus
1090 1971 1124 2022 est

131 2037 275 2128 Christus,
306 2047 359 2118 qui
384 2062 437 2116 per
463 2045 570 2100 Adami
601 2053 752 2116 peecatum
781 2047 958 2118 perierunt
964 2055 995 2102 et
1025 2047 1124 2104 mortui

129 2121 204 2202 sunt
247 2127 337 2197 Atqui
366 2141 463 2182 omues
492 2123 622 2182 homiues
646 2141 699 2196 per
719 2125 827 2182 Adumi
848 2135 1001 2196 peecatum
1022 2127 1123 2182 mortui

129 2214 211 2262 sunt·
240 2223 318 2280 ergo
334 2222 386 2276 pro
404 2205 549 2274 omnibus
564 2206 744 2271 hominibus
768 2213 897 2278 mortuus
920 2214 962 2264 est
985 2209 1119 2264 Christus

128 2280 226 2355 Mipor
246 2295 323 2346 certo
295 2294 402 2352 test,
405 2283 536 2362 major
542 2285 710 2360 probetur
703 2301 739 2356 ιιι
757 2295 810 2358 eu,
838 2283 917 2356 quod
948 2285 1022 2340 dicit
1051 2290 1122 2355 Apo

129 2343 220 2422 stolus
236 2359 268 2418 2.
286 2367 349 2420 Cor.
372 2359 400 2420 5.
451 2365 484 2418 Si
511 2382 580 2420 unus
603 2383 678 2434 pro
684 2365 804 2418 omuibus
830 2375 949 2420 mortuus
978 2377 1032 2430 est,
1066 2381 1121 2434 erpo
1144 2413 1145 2422 ,

127 2463 216 2500 omnes
244 2447 342 2499 mortui
370 2455 439 2498 suat.
490 2443 551 2506 Ubi
572 2443 659 2523 iniert
680 2460 778 2511 omnes
800 2460 886 2520 per
872 2442 954 2500 Adae
977 2453 1121 2516 peceatum

128 2517 257 2590 mortuos
278 2540 354 2591 esse
377 2539 411 2578 ac
432 2526 568 2594 periisse,
591 2515 660 2596 quia
681 2505 813 2582 Christus
832 2539 886 2594 pro
902 2525 1040 2580 omnibus
1056 2540 1120 2580 mor·

128 2614 193 2660 tuus
212 2603 265 2664 est
302 2603 364 2670 Quo
386 2605 472 2660 etiam
495 2611 660 2676 argumento
681 2603 773 2658 utitur
795 2603 823 2661 S
837 2604 1018 2676 Augustinus
1034 2605 1086 2660 lrb
1097 2601 1119 2658 6

128 2680 481 2758 eontr.,Jnliauume.1.
505 2681 556 2760 ubi
576 2681 698 2754 probat,
724 2698 841 2752 omnes,
869 2683 954 2754 etiam
977 2685 1118 2756 parvulos,

127 2779 180 2834 per
201 2771 350 2838 peecatum
373 2763 515 2834 originale
537 2769 663 2818 mortuos
685 2778 766 2829 esse
788 2778 824 2818 ex
845 2778 877 2818 eo
899 2763 977 2836 quod
997 2765 1118 2820 Christus

127 2859 185 2914 pto
209 2841 344 2902 omnibus
373 2849 501 2896 mortuus
530 2851 580 2896 est
624 2841 709 2910 Quod
729 2849 926 2916 argumentum
948 2843 1065 2898 nullum
1084 2843 1118 2894 io·

127 2930 188 2990 ret,
211 2923 236 2978 si
258 2923 431 2990 existerent,
453 2937 506 2994 pro
529 2921 634 2992 quibus
657 2919 788 2976 Christus
810 2929 939 2988 mortuus
961 2939 1018 2978 nou
1043 2927 1115 2978 esset

186 3018 215 3074 8
265 3017 379 3090 Neque
393 3018 490 3085 dieas,
521 3019 548 3072 8.
571 3019 766 3090 Augustinum
796 2999 824 3074 et
853 3020 926 3074 alios
956 3019 1005 3074 88
1028 3019 1117 3074 Patres

127 3105 244 3155 osteum
266 3099 369 3154 solum
380 3099 473 3166 veile,
497 3097 642 3156 Christum
663 3113 719 3166 pro
739 3098 874 3161 omuibus
895 3105 1039 3154 mortuum
1054 3109 1115 3160 esre,

128 3185 269 3252 quatenus
290 3179 446 3235 mortisue
466 3177 611 3248 passionis
631 3175 695 3248 ejus
716 3179 850 3236 meritum
871 3177 909 3236 ad
928 3193 1030 3237 omnes
1052 3176 1117 3232 redi·

126 3245 249 3312 tuendos
267 3256 413 3318 sufficiens
436 3257 499 3310 init
553 3255 555 3262 ’
591 3313 593 3318 ,
667 3300 669 3308 ,

159 3347 432 3417 Respondeturt.
453 3350 541 3418 quod·
549 3353 706 3408 manifeste
726 3311 823 3421 paret,
844 3305 928 3407 dane
956 3353 1115 3424 explicatio·

125 3441 211 3558 ιιιίιιι
217 3427 300 3480 nullo
328 3426 414 3480 modo
444 3442 601 3538 conponere
626 3445 690 3486 euru
712 3432 818 3486 uerbis
832 3433 886 3488 88
899 3431 1017 3490 Petrum
1036 3445 1115 3503 supra

128 3505 235 3558 reris.
323 3529 327 3536 ·
