2332 3880
321 135 756 188 ouusrsoaasrrooaruauss
998 125 1038 192 tt

32 281 86 320 non
107 264 209 320 solum
231 261 447 332 ecclesiastica,
469 261 519 315 sed
540 263 626 316 etiam
641 263 779 332 prolana,
801 264 970 332 praesertim
986 261 1037 318 ad·

32 359 130 400 versus
151 343 237 414 ipsos
257 341 416 407 Ethnicos,
439 332 489 411 qhi
510 355 563 396 nec
582 342 744 411 Scripturas
765 357 876 409 sacras,
899 357 951 397 nec
967 343 1037 398 'l'ra-

32 425 178 490 ditiones,
204 430 255 477 aut
275 421 425 475 Ecclesiae
447 419 647 475 authoritatem
670 421 823 490 recipiunt.
854 421 936 477 Idem
950 425 1037 478 etiam

33 501 194 559 dicendum
216 509 260 556 est
281 500 318 554 ds
339 497 522 572 dogmatibus
539 499 768 572 philosophicis,
791 501 897 572 etipsa
910 503 1038 557 naturali

34 585 156 638 ratione.
200 580 345 636 Videmus
374 577 519 650 siquidem
542 579 648 634 multos
671 580 805 650 antiquos
827 579 926 635 Patres
948 583 1037 636 variis

34 659 340 733 argumentationibus
368 665 397 712 ot
424 659 586 714 ratiociniis
611 671 647 714 ex
669 659 859 730 Philosophia
879 662 978 730 petitis
1000 660 1038 716 ad

34 739 231 796 elucidandas
263 745 378 814 nostrae
407 735 491 794 itaet
521 739 657 792 veritates
689 755 755 794 usos
781 739 889 806 luisse,
925 741 1038 812 quoties

36 821 177 875 adversus
199 819 340 874 Ethnicos
363 817 504 888 agendum
526 817 587 871 illis
609 819 677 885 iuit3
700 827 731 872 nt
752 833 769 872 a
790 817 817 872 S.
833 819 951 875 Justino
966 835 1040 874 mar·

36 909 116 971 tyre,
138 898 293 966 Arnobio,
315 897 481 964 Lactantio,
509 897 689 952 Tertulliano
712 905 739 952 et
760 897 827 953 aliis
848 900 955 952 factum
978 911 1038 954 esse

35 981 65 1034 in
87 995 191 1034 eorum
212 977 331 1048 scriptis
354 978 554 1046 comperimus

385 1177 615 1260 QUAESTIO
636 1177 698 1244 IIL

55 1309 232 1382 Quaenam
248 1305 294 1364 slt
308 1306 559 1364 conclusionum
572 1304 836 1378 &intonuerant
851 1307 1024 1366 osrdwdo.

100 1455 227 1514 Nomine
255 1455 450 1510 conclusionis
482 1456 660 1528 theologicae
689 1455 882 1526 intelligimus
910 1459 1043 1528 proposi·

45 1539 149 1590 tionem
170 1535 273 1602 illam,
293 1535 528 1590 -cui'assentilur
549 1533 731 1604 intellectus,
759 1537 870 1590 ratione
894 1537 1042 1592 discursus

45 1615 214 1687 theologici,
238 1612 289 1668 sen
310 1629 347 1668 ex
367 1615 398 1666 vi
415 1629 564 1682 assensus,
586 1630 670 1686 quesn
685 1614 767 1670 illius
783 1617 959 1684 praemissis,
982 1624 1044 1670 tan-

45 1711 128 1766 quam
151 1709 188 1748 ex
210 1693 285 1748 Fide
307 1695 384 1748 veris
405 1701 432 1747 et
446 1695 554 1760 certis,
576 1693 720 1764 praebuit.
764 1695 823 1749 lloc
844 1703 1014 1764 praenotato

103 1773 269 1828 Dicendum
294 1772 318 1826 l.
342 1774 556 1828 conclusionem
576 1771 787 1845 theologicam,
810 1775 896 1828 etiam
918 1791 953 1830 ex
974 1774 1043 1829 doa-

46 1853 97 1908 bus
117 1853 290 1922 praemissis
311 1851 385 1906 Fide
407 1851 507 1908 divina
527 1854 669 1923 cognitis,
696 1851 867 1921 deductam,
895 1853 1044 1910 inferioris

46 1941 137 1988 tamen
168 1947 230 1987 esse
259 1931 457 2000 certitudinis,
488 1947 574 2002 quum
602 1933 661 1986 sint
685 1934 767 2002 ipsae
786 1934 923 1989 veritates
944 1935 1045 1988 imme·

46 2011 122 2068 diate
150 2012 256 2066 aDeo
285 2012 445 2079 revelatae,
477 2019 505 2067 at
532 2025 585 2080 per
612 2012 774 2069 Ecclesiam
801 2011 839 2066 ad
869 2000 1046 2075 credendum

46 2091 222 2162 propositae.
555 2090 562 2099 “

103 2171 186 2225 llaec
213 2171 333 2224 assertio
361 2177 473 2230 constat
489 2185 551 2230 non
573 2171 668 2226 solum
688 2187 724 2224 ex
746 2187 796 2236 eo,
827 2170 906 2242 quod
934 2171 981 2242 (ut
1002 2171 1046 2227 di·

48 2258 115 2306 cunt
135 2248 326 2320 Philosophi)
355 2249 447 2320 major
469 2250 507 2302 sit
527 2264 639 2319 semper
659 2249 803 2306 certitudo
823 2251 1046 2320 principiorum,

48 2345 133 2400 quam
156 2329 370 2396 conclusionis,
393 2329 778 2398 quaeexillisdeduoitu13
801 2330 852 2386 sed
865 2331 1048 2400 praesertim,

49 2411 117 2480 quia
129 2409 267 2464 veritates
280 2407 365 2462 Fidei
382 2407 550 2462 immediate
565 2408 667 2464 divina
681 2409 1046 2476 rosontioneinnituntur,

48 2503 121 2560 quae
150 2495 195 2542 est
222 2489 339 2542 omnino
360 2483 563 2554 infallibiliss
582 2495 611 2540 at
639 2489 839 2560 conclusiones
867 2488 1048 2559 theologicae

47 2583 105 2622 non
126 2567 187 2630 nisi
208 2567 354 2622 mediante
376 2566 525 2634 discursu,
555 2567 607 2637 qui
635 2581 700 2622 cum
725 2569 764 2626 sit
783 2569 913 2638 operatio
933 2568 1048 2623 intelle-

50 2655 110 2702 ctus
140 2648 248 2714 creati,
278 2645 430 2716 aequalem
457 2661 521 2702 cum
546 2645 717 2702 veritatibus
738 2647 826 2702 Fidei
846 2647 1061 2708 certitudinem

49 2727 155 2782 habere
184 2742 244 2782 non
269 2733 380 2795 potest,
409 2741 474 2780 cuns
494 2727 588 2781 omnis
609 2726 775 2782 intellectus
796 2735 910 2785 creatus
930 2727 962 2782 in
984 2743 1051 2798 ope-

49 2805 212 2860 rationibus
234 2806 292 2861 sibi
312 2805 441 2876 propriia
463 2804 529 2858 falli
550 2813 578 2861 et
599 2804 697 2875 decipi
717 2807 820 2874 possit.

106 2884 274 2940 Dicendum
285 2884 312 2940 2.
332 2883 547 2940 conclusionem
562 2883 756 2955 theologicam
771 2887 922 2940 certiorem
937 2901 1049 2956 semper

50 2979 108 3020 esse
130 2966 237 3036 quavis
259 2965 319 3019 alio
340 2963 528 3022 conclusione
551 2963 711 3034 cujuslibet
739 2965 876 3020 scientiae
899 2966 1051 3020 naturalis.

108 3043 144 3098 Id
172 3051 253 3113 patet
281 3059 316 3110 ex
339 3057 389 3109 eo,
420 3042 499 3112 quod
520 3047 677 3110 motivum,
708 3059 765 3114 qno
794 3045 957 3116 theologica
986 3060 1053 3099 eon-

54 3123 143 3178 clusio
165 3123 320 3188 innititur,
343 3131 456 3191 semper
471 3129 514 3176 est
528 3124 634 3176 certius
648 3125 758 3177 motivo
773 3124 971 3196 cujuscunque
986 3139 1053 3180 con·

55 3203 191 3258 clusionis
213 3201 374 3274 cujuslibet
394 3201 532 3256 scientiae
553 3201 711 3269 naturalis3
741 3218 805 3257 cum
830 3204 903 3258 haec
924 3203 986 3258 solo
1007 3204 1053 3257 lu·
1103 3235 1106 3242 -

56 3283 126 3336 minc
147 3291 176 3337 et
197 3284 312 3338 ratione
332 3279 477 3348 naturali,
504 3281 560 3335 illa
587 3294 656 3336 vero
684 3281 796 3338 lumine
817 3281 903 3337 Fidei
931 3289 958 3338 et
983 3289 1053 3336 atte-

57 3363 172 3418 statione
195 3363 300 3417 divina
321 3359 472 3414 inuitatur.
