2332 3880
394 167 404 184 .
488 131 618 182 mrrnr.
1006 117 1051 187 dii

106 251 280 320 videndum
300 259 465 323 praetereo,
493 269 562 310 num
591 251 682 315 Fidei.
702 253 896 316 sinceritatem
918 255 995 309 ritae
1015 271 1051 320 sc

45 349 165 390 morsumv
181 333 336 404 integritas
357 333 507 404 uirtusque
528 333 745 399 commendent3
767 340 793 389 et
815 333 984 403 praesertim
997 333 1050 391 liu-

42 414 171 468 militas:
194 427 235 466 sn
256 419 393 476 econtra
414 413 486 470 vitia
506 421 534 470 et
553 413 785 482 imperfectiones
804 413 947 469 notabiles
962 414 1047 471 illem

42 492 249 551 dehonestent.
297 491 367 546 ideo
395 508 459 548 non·
481 491 655 550 eredendum
683 492 833 562 superbis,
855 492 1047 562 ,ambitiosis

42 571 234 637 carnnlibus,
261 570 496 640 impatientibus,
526 571 595 643 odia
621 570 838 639 exercentibus,
869 571 942 645 alios
965 573 1047 629 dilia-

41 651 212 716 mantibus,
233 651 282 704 vel
303 643 441 720 pecunias
461 651 530 706 binc
548 651 618 706 inde
633 651 869 717 corrodentibus,
890 666 944 708 nee
958 653 1047 712 etiam

38 727 226 800 hypocritis,
256 731 307 800 qni
335 730 496 800 singularia
524 727 665 802 quaedam
690 731 983 800 affectataepietatis.
996 738 1046 786 aut

40 810 245 880 poenitentiae
266 810 365 880 signs,
387 825 440 882 per
461 813 623 879 superiores
644 809 763 866 minime
778 809 938 880 approbata
953 817 1048 864 omen-

41 897 113 946 tant.
158 889 223 944 Hoc
251 887 419 960 argumento
446 905 512 944 usus
534 897 576 944 est
597 889 667 955 olim
690 905 820 944 unusnex
842 890 969 960 antiquis
992 888 1046 944 Pu·

44 969 155 1035 tribus,
176 967 358 1037 Apollonius
379 969 497 1024 nomine
519 966 566 1040 (ut
586 970 677 1024 relert.
693 968 837 1024 Eusebius
858 968 911 1024 lib.
926 971 953 1024 i.
976 969 1046 1031 hist.

47 1049 118 1102 ecel.
140 1063 163 1103 c
183 1047 248 1118 17.)
269 1047 306 1102 ad
327 1045 559 1106 concinnendum
581 1049 716 1104 salsitatis
731 1050 923 1104 revelationes
939 1054 966 1102 et
978 1063 1046 1118 pro«

43 1127 160 1198 plretiss
180 1125 365 1188 Maximillae
386 1135 415 1182 et
435 1127 595 1195 Quintillae
616 1129 786 1195 mulierum,
816 1143 889 1198 quae
916 1128 947 1181 in
969 1135 1046 1184 secte

40 1205 290 1264 Montanistsrum
311 1207 421 1276 primas
442 1215 538 1277 peries
560 1207 711 1274 tenebant,
741 1224 774 1262 eo
796 1208 874 1278 quod
894 1206 940 1274 (ut
962 1208 1048 1262 refert

39 1285 89 1340 hic
118 1286 248 1357 author)
271 1295 365 1342 essent
392 1287 532 1356 pecuniae
561 1287 699 1355 cupidae,
736 1289 837 1342 suenus
870 1279 1045 1354 exercentes,
1097 1325 1100 1344 .

39 1367 161 1421 tesseris
183 1374 214 1420 et
235 1365 343 1427 tabulis
364 1367 512 1434 ludentes,
536 1365 650 1424 deditus
672 1367 801 1434 choreis,-
823 1373 851 1420 et
871 1368 963 1428 cultui
984 1365 1046 1438 coi,

38 1447 142 1515 poris,
171 1451 200 1500 et
217 1453 395 1514 sumptuoso
415 1445 500 1502 luxui
521 1446 766 1504 vestimentorum.
810 1448 892 1502 Certe
914 1445 1048 1517 Christus

39 1525 191 1582 Mminus
219 1524 341 1594 loquens
370 1525 405 1584 de
435 1526 515 1590 falsis
536 1525 709 1594 Prophetis,
737 1533 765 1579 et
794 1526 899 1582 docens
920 1541 980 1596 qus
1000 1541 1045 1579 rs·

39 1605 123 1658 tione
147 1620 167 1656 s
185 1605 263 1658 veris
286 1603 412 1658 discerni
433 1613 565 1674 possent,
596 1605 670 1659 nihil
696 1605 779 1660 uliud
801 1605 878 1660 dixit
896 1605 998 1660 Mettis.
1017 1603 1044 1664 7

39 1685 119 1738 nisi:
141 1683 168 1737 A
182 1684 322 1753 fructibus
343 1701 433 1741 eornm
454 1686 617 1754 conoscetis
639 1701 691 1738 eos.

101 1763 327 1819 Consideranda
348 1771 389 1817 est
409 1772 557 1834 praeterea
578 1765 706 1832 corporis
727 1771 755 1816 et
768 1765 860 1818 enimi
874 1764 1044 1827 constitutio

39 1843 70 1896 in
97 1841 156 1896 tali
183 1857 322 1912 persona,
351 1859 396 1904 sn
409 1845 448 1900 sit
463 1861 496 1897 v.
511 1861 536 1922 g.
559 1859 662 1914 parum
683 1845 766 1908 firma
785 1843 938 1912 valetudo,
968 1857 1043 1914 quae

38 1923 189 1992 praeierat
217 1922 438 1982 redundantiam
469 1923 540 1988 bilis
571 1929 666 1990 strse3
699 1939 735 1976 sn
763 1921 903 1978 babitus
913 1923 1044 1992 eorporis

38 2001 161 2067 inedia,
190 2001 267 2056 vel
258 2003 414 2068 ιιιιοιιιιιιιι
431 2003 497 2072 plus
519 2017 617 2074 aequo
633 2003 670 2056 sit
692 2003 884 2071 deiormstus3
907 2017 943 2056 an
965 2015 1044 2062 seru·

38 2080 127 2136 brnm
156 2080 280 2138 laesum
298 2081 350 2152 sit,
380 2098 415 2136 sn
444 2083 614 2153 imaginatio
641 2081 761 2139 turbide
788 2089 841 2138 etc.
890 2079 1044 2153 Ejusmodi

39 2161 118 2214 enim
143 2160 277 2230 personis
299 2160 418 2218 daemon
439 2162 579 2216 facillime
592 2161 719 2218 illudere
734 2163 783 2216 et'
774 2177 924 2232 supponere
937 2166 1043 2230 potest,

38 2248 70 2296 ut
90 2239 278 2312 experientis
299 2242 368 2294 setis
391 2248 510 2299 constet

98 2317 167 2372 Non
191 2325 235 2374 est
254 2319 340 2374 etiem
361 2319 537 2392 negligendo
558 2321 708 2379 aeteliset
728 2335 813 2376 sexus
835 2281 1032 2374 differentis.

102 2399 135 2454 ei
157 2398 235 2455 enim
258 2404 335 2456 aetas
356 2399 465 2454 csduce
486 2401 537 2468 sit,
560 2400 661 2456 delirii
674 2399 837 2470 perieulum
853 2405 912 2465 est3
935 2398 960 2454 si
973 2411 1047 2466 pue.

41 2478 126 2545 rilis,
149 2477 279 2534 levitatis
301 2485 329 2532 et
349 2479 473 2544 morbi
464 2481 636 2550 responsi,
660 2479 729 2550 quie
751 2477 797 2549 (ut
817 2477 923 2532 medici
938 2483 1044 2532 testan-

39 2554 104 2633 tur)
127 2558 214 2626 pueri
236 2559 443 2626 suntcerebrs
462 2559 636 2627 humidiori,
659 2566 688 2614 et
707 2559 790 2630 pleni
810 2557 987 2630 vaporibus,
1010 2569 1044 2610 so

36 2633 167 2706 proinde
190 2637 271 2692 facili
293 2639 408 2710 negotio
430 2647 655 2698 commoventur.
977 2663 979 2667 ·
1035 2680 1039 2688 ,

99 2713 188 2783 Quod
210 2724 320 2786 spectat
340 2717 378 2770 ed
399 2733 516 2785 sexum,
539 2725 648 2776 certum
665 2726 726 2785 est,
749 2719 885 2772 mulieres
906 2732 967 2771 esse
988 2715 1043 2770 irn-

40 2793 231 2862 beeilliores‚
253 2794 401 2854 abundare
422 2797 611 2868 passionibus
631 2796 787 2854 admodum
808 2797 925 2857 acribus
946 2804 974 2852 et
994 2809 1063 2848 *re-0

38 2873 244 2945 hemensibus3
262 2891 377 2944 ¹(possse,
405 2876 485 2948 quod
513 2893 529 2930 a
556 2878 692 2947 passione
718 2885 833 2944 ustum,
861 2877 894 2933 id
918 2891 1003 2946 saepe
1025 2888 1044 2930 a

40 2955 163 3009 veritate
186 2955 349 3024 proiectum
369 2964 481 3026 putant.
518 2955 590 3012 Sunt
610 2959 696 3012 etism
718 2955 1043 3021 naturuelrumidioris;

41 3031 194 3088 humidum
216 3049 285 3092 vero
307 3035 423 3090 facilins
445 3043 641 3095 commovetur
662 3043 690 3091 et
715 3039 809 3092 varias
839 3037 1044 3106 impressiones

39 3114 161 3182 recipit,
193 3112 261 3168 ideo
292 3115 378 3168 citius
406 3115 612 3186 imaginentur.
657 3118 786 3188 Cumque
813 3118 908 3172 minus
933 3116 1045 3170 ratione

39 3193 172 3260 polleant
195 3201 227 3261 et¹
241 3193 338 3250 minue
360 3193 488 3255 habeant
506 3195 696 3265 prudentiae,
719 3197 835 3252 iscilius
850 3203 893 3252 est
908 3190 1044 3250 daemoni

40 3286 85 3326 eas
106 3270 308 3328 similitudine
330 3273 405 3328 iales
425 3281 454 3328 et
475 3281 632 3346 apparente
654 3273 803 3334 deludere.
837 3275 880 3330 Ea
901 3273 1046 3334 decausis

38 3357 155 3405 notatur
184 3367 202 3405 s
230 3351 424 3422 quibusdam,
451 3350 560 3426 paucos
583 3353 738 3411 admodum
761 3358 792 3412 in
816 3357 904 3410 sacris
925 3349 1044 3424 paginis

38 3431 160 3500 reperiri
180 3431 335 3498 mulieres,
368 3449 442 3503 quae
463 3434 633 3505 prophetiae
659 3435 735 3490 dono
756 3433 905 3506 praeditae
929 3430 1046 3488 inerint.

39 3507 72 3563 lit
92 3511 125 3563 in
147 3509 273 3566 historia
293 3512 492 3568 ecclesiastica
513 3515 650 3583 retertur,
672 3513 773 3584 plures
790 3512 928 3568 mulieres
941 3507 1045 3578 imagi-

76 3603 169 3660 nun„
185 3603 283 3647 nnana
301 3605 434 3662 ιιωιιςιω.
464 3607 481 3648 ι.
798 3615 801 3622 ’
859 3587 879 3652 i
