2316 3892
139 109 203 178 280
496 125 774 172 antummum

142 250 341 318 omnipotens,
361 252 508 310 neutuna,
528 245 675 316 induitur,
697 244 807 316 ubique
825 261 979 316 praetenue
1010 248 1124 304 undeet

146 326 369 397 Ubiqunurnn
390 325 616 395 appellationem
636 325 734 380 sortiti
754 331 829 380 runt
889 358 892 370 ·
943 373 949 380 .

204 405 358 463 Retellitar
378 404 450 460 haee
469 403 612 470 haeresin,
640 410 669 460 at
697 411 810 460 neutrae
830 403 912 460 Fidei
937 406 1047 461 veritae
1073 423 1124 478 pm·

143 485 272 542 batuel.
294 501 331 541 ex
349 484 522 555 Seriptnria,
544 498 619 554 qnae
638 484 788 554 utriusque
809 492 927 540 naturae
947 485 1122 556 proprietate

144 565 176 620 in
198 566 311 620 Christo
334 564 529 636 distinguant.
573 561 597 618 i.
615 563 680 620 Cur.
698 561 743 619 ta
785 565 850 622 ΕΜ
876 566 1020 636 oruoifiw
1048 575 1124 619 enter

143 645 305 715 iufirmitate,
326 646 375 700 red
395 645 460 698 uiuit
480 660 513 700 en
532 644 629 701 uirtute
642 643 705 698 Du.
750 641 775 700 l.
791 644 867 700 Petr.
882 643 910 698 4.
953 645 1061 700 &truta
1079 645 1123 712 m'-

144 733 189 778 tur
206 741 289 794 pareo
310 726 338 778 t'n
359 740 440 778 earne
450 740 504 793 pra
518 722 603 776 nodia.
636 723 663 778 S.
679 724 764 779 duan.
780 721 827 778 20.
851 723 983 780 Cbrintna
998 723 1125 778 Dominus

146 803 183 858 de
203 820 234 858 se
256 805 393 874 loquerer
414 802 552 866 Ascendo,
574 803 688 873 inquit,
710 805 747 858 ad
761 803 871 867 Patrem
890 807 976 859 meum
992 813 1018 858 et
1031 803 1126 856 Patren

145 893 274 947 oeetmm,
297 883 385 937 Deum
405 899 490 938 meram
511 891 536 936 et
555 882 644 936 Deum
663 891 787 938 uestrum.

206 961 348 1017 Probatur
361 960 388 1016 2.
415 975 451 1016 ex
472 961 603 1016 Concilio
627 961 855 1020 chalcedonensi
876 969 930 1021 ant.
948 963 973 1018 5.
998 961 1051 1016 ubi
1071 960 1127 1014 defi·

144 1042 237 1098 ritum
266 1047 322 1108 eet,
350 1055 430 1094 unum
457 1049 483 1094 et
509 1043 624 1097 eundum
642 1041 734 1096 Jeeum
758 1041 891 1097 Otrnmn
917 1043 1081 1110 unipenr'tum
1105 1041 1126 1090 r'n

145 1123 249 1180 annam
269 1123 375 1174 naturt'e
395 1120 619 1190 ineoufimr'biliter
638 1123 848 1190 eopnoacendum
868 1137 939 1184 eme,
964 1122 1039 1175 nulla
1058 1128 1126 1173 natu-

144 1218 237 1256 rarum
259 1200 413 1270 differentia
433 1201 547 1264 mutarn,
565 1209 680 1270 prepter
700 1202 838 1264 antonem,
860 1201 909 1254 aed
928 1203 1017 1269 mepte
1038 1201 1127 1254 utrim-

146 1298 197 1361 que
224 1289 339 1334 naturae
360 1281 533 1350 proprietate
558 1281 587 1333 in
613 1297 694 1334 unam
711 1297 857 1350 perronam
877 1290 903 1334 et
923 1282 952 1333 e'n
970 1296 1056 1340 unam
1074 1278 1128 1332 rub-

142 1361 294 1414 sistentiam
313 1368 494 1414 eoneurrente.
527 1359 563 1412 Et
577 1373 614 1413 ex
629 1359 740 1414 Gonoil.
755 1361 848 1434 Later.
868 1359 893 1414 l.
908 1357 960 1414 snb
976 1359 1101 1414 Martiae
1110 1356 1126 1410 Ι.

145 1455 208 1508 nep.
225 1437 252 1492 9.
288 1437 321 1492 St
341 1440 473 1510 quianon
494 1439 632 1508 confitetur
646 1441 764 1508 proprie
785 1448 811 1494 et
831 1457 892 1494 uere
912 1440 1054 1494 naturales
1069 1454 1128 1508 pro-

138 1519 275 1589 prietates
294 1519 403 1574 deitatis
425 1517 526 1572 Ghrt'etr'
546 1527 572 1571 et
593 1519 767 1574 humanitatis
782 1519 951 1575 indiminute
980 1521 1011 1572 in
1039 1535 1083 1581 ee,
1108 1523 1128 1569 et

141 1599 201 1652 eine
223 1598 371 1668 deseodone
395 1599 516 1652 salvatae
542 1607 593 1652 eto.
620 1599 657 1652 at‘t
684 1593 883 1668 condemnatur.
913 1597 966 1664 xllt
993 1599 1028 1652 in
1048 1596 1127 1667 Epirt.

143 1676 305 1748 Agathontn
334 1677 444 1746 Papae,
475 1691 548 1747 quae
575 1677 606 1730 in
627 1685 710 1732 sexta
731 1677 848 1747 synodo
878 1677 1010 1748 generali
1037 1685 1087 1731 eat.
1106 1675 1127 1726 l.

144 1757 219 1810 lecta
246 1765 274 1810 et
295 1763 410 1826 recepta
431 1763 489 1822 est,
519 1755 640 1823 dieitur,
666 1774 878 1828 unamquamque
897 1765 1028 1814 naturam
1044 1755 1128 1810 Uirtuti

137 1837 334 1906 proprietatem
361 1837 512 1892 naturalem
542 1837 671 1900 retinere,
705 1847 730 1890 et
761 1837 858 1891 habere
888 1837 1011 1894 diuinam
1043 1835 1125 1896 amnia,

142 1931 213 1986 quae
234 1913 329 1969 diuina
348 1924 419 1968 eant.

205 1995 346 2048 Probatur
368 1994 395 2049 3.
428 2009 464 2049 ex
494 1995 522 2050 S.
549 1993 687 2067 Gregorio
718 1994 903 2050 Naaiannena
937 1995 967 2048 in
1003 2001 1074 2050 orat.
1102 1991 1127 2044 de

143 2072 230 2128 Filio.
277 2075 334 2129 Uno
356 2076 474 2143 capitulo
495 2071 621 2146 (inquit)
640 2091 741 2139 moneo,
764 2084 793 2128 ut
811 2075 912 2130 altiora
932 2075 1077 2130 nmmum
1095 2073 1127 2124 u·-

142 2153 265 2218 uim'tuti‚
302 2153 445 2210 humiliora
479 2163 566 2208 autem
600 2163 715 2208 naturae
746 2155 876 2210 numanae
911 2155 1057 2209 attribuas.
1101 2151 1127 2204 Et

146 2233 173 2286 S.
196 2233 279 2288 doen.
303 2233 497 2288 Damascenus
519 2233 571 2287 lib.
588 2232 615 2286 2.
640 2233 675 2288 de
696 2232 767 2287 Fide
798 2249 860 2302 cap.
876 2232 903 2286 4.
953 2233 1124 2292 Divinitaten

144 2312 255 2382 inquit,
285 2314 416 2377 dicenter,
445 2329 498 2366 non
518 2315 753 2376 neminemnam,
783 2330 852 2383 quae
872 2322 934 2366 aunt
949 2315 1071 2384 propria
1088 2311 1126 2363 lu·

143 2394 296 2456 munitatis,
319 2409 403 2463 neque
424 2393 456 2446 de
478 2409 558 2446 earne
574 2394 769 2462 praedicamur
790 2409 837 2456 ea,
866 2409 934 2462 quae
955 2402 1019 2446 aunt
1041 2391 1127 2446 diuini-

144 2473 351 2546 tatitproprt'a.
612 2531 614 2536 ,

204 2551 345 2604 Probatur
366 2549 393 2604 4.
417 2566 453 2604 ex
474 2547 624 2618 absurdis,
654 2566 727 2622 quae
748 2551 844 2620 posita
864 2551 918 2604 illa
936 2551 1055 2605 'haeresi
1074 2565 1127 2604 con·

144 2639 311 2702 aequantur.
356 2629 386 2700 Si
411 2631 488 2684 enlm
510 2627 623 2684 Christo
652 2629 809 2684 secundum
835 2629 1046 2684 humanitatem
1075 2642 1129 2698 pra·

143 2711 279 2779 prietates
314 2707 433 2764 divinae
468 2723 534 2763 vere
569 2717 778 2778 competerent,
822 2717 1007 2779 sequeretur,
1045 2710 1127 2779 ipsun

144 2788 290 2844 Christum
311 2787 469 2843 seeundum
490 2787 697 2843 humanitatem
718 2805 798 2842 snam
820 2803 881 2843 esee
904 2787 1056 2843 authorem
1073 2799 1127 2842 sune

144 2866 347 2934 humanitatis,
380 2875 408 2922 et
438 2867 595 2923 seeundum
627 2869 751 2922 animam
783 2883 864 2922 suam
893 2884 954 2924 erse
983 2876 1128 2922 creatorem

144 2961 212 3000 suae
240 2949 370 3015 animae3
398 2948 468 3002 item
489 2946 647 3000 seeundum
667 2947 874 3002 humanitatem
896 2963 976 3002 sunm
998 2949 1125 3007 extitisset

144 3030 296 3094 antequem
316 3029 382 3096 ipsa
401 3026 566 3082 hnmanitas
587 3027 737 3094 existerem
760 3026 895 3082 similiter
915 3026 1072 3082 seeundum
1085 3025 1126 3077 bu·

144 3103 311 3158 manitatem
339 3121 421 3160 suam
447 3119 541 3176 neque
569 3106 631 3174 pati
658 3121 752 3176 neque
777 3106 852 3160 rnori
880 3107 1023 3175 potuine,
1052 3113 1127 3173 atque

144 3179 216 3235 adeo
238 3197 331 3251 neque
352 3199 469 3251 pausum
493 3198 587 3254 neque
615 3192 759 3241 mortuum
786 3184 887 3239 luisse.»
934 3185 1012 3250 Quae
1041 3181 1127 3240 emnia

144 3274 231 3327 quam
252 3259 378 3312 absurda
398 3263 471 3329 aiut,
489 3277 577 3330 ⁴nemo
598 3278 657 3318 non
678 3263 767 3320 videt

203 3335 231 3390 2.
274 3336 495 3396 Observandum
516 3348 559 3396 eat
582 3349 693 3409 antem,
724 3344 862 3397 Doctores
891 3343 1048 3400 catholiam
1077 3353 1125 3394 non

145 3417 263 3484 negare,
290 3415 351 3470 inm
372 3415 447 3474 ultro
469 3419 567 3490 fateri,
596 3435 709 3482 ornnem
729 3421 943 3492 plenitudinem
963 3419 1124 3483 divinitatis,

143 3497 230 3560 atque
251 3491 323 3551 aden
346 3490 462 3551 divinas
487 3511 584 3555 omnen
611 3499 827 3572 pertentinueu,⁴
847 3508 965 3558 naturae
989 3501 1126 3556 hnmanae
