2294 3892
135 164 198 238 158
540 185 579 228 ar
601 173 723 230 muri.

135 307 164 363 8.
182 305 344 362 Bernartius
373 305 426 360 lib.
455 305 493 362 tle
520 305 598 360 (iret.
629 309 657 360 et
681 302 735 360 lib.
764 304 837 359 Arb-
864 315 922 359 non
950 305 1039 377 longe
1065 313 1132 376 post

133 387 267 453 initiunt,
299 385 531 451 altercaretur,
566 385 680 456 inquit,
713 383 752 438 ibi
777 385 888 440 liberter
914 401 967 438 noa
996 394 1051 450 cet,
1086 403 1135 440 nee

134 467 265 522 mentm.

194 561 379 620 probatura.
407 577 444 616 ex
471 575 521 629 eo,
549 557 629 632 quoti
657 559 695 614 sd
715 559 887 616 demeritum
908 577 957 616 seu
978 571 1135 631 peccaturi

134 643 307 716 requiritur,
335 647 367 696 ut
393 641 541 712 peccantis
566 641 702 695 voluutas
722 639 890 709 liberarit,
918 655 976 695 uon
999 641 1135 696 colurna

134 723 300 789 coactione,
330 719 381 776 seii
408 721 495 776 etiem
524 736 541 774 a
567 721 753 776 necessitate:
783 733 849 791 erge
877 735 895 774 a
921 721 1074 776 contrario
1095 722 1132 776 etl

132 801 367 862 masimissa
395 801 542 872 operatis
567 800 704 868 voluntas
729 797 843 854 nullu
869 800 902 854 iu
930 798 1047 871 ιμιὼ
1075 815 1130 854 aon

132 881 219 938 mode
240 881 435 947 coactionem,
457 878 509 934 aeti
529 879 616 934 ctiam
636 878 835 934 maceratam
849 881 912 948 pati
927 877 1024 933 debet
1060 881 1130 934 Ceu-

133 961 283 1034 sequentia
303 967 398 1032 patet,
427 975 493 1016 cnm
513 959 667 1031 utrobique
688 959 725 1014 sit
745 972 798 1029 par
819 959 903 1012 ratio.
944 958 1128 1014 Antecedens

131 1039 271 1112 probatur
298 1055 335 1094 ex
363 1041 390 1094 S.
405 1035 568 1110 Augustino
596 1037 649 1106 lib.
680 1035 715 1090 iie
737 1035 850 1092 duabus
872 1035 1057 1106 Animabat,
1086 1039 1131 1094 ubi

133 1119 207 1176 dicit
227 1135 290 1190 cap.
304 1117 350 1174 ii.
371 1111 512 1172 Neminem
532 1119 729 1190 vituperatione
749 1118 914 1190 suppliciove
935 1117 1051 1187 diynura
1066 1137 1129 1184 csse,

132 1201 180 1274 qai
200 1201 230 1254 id
249 1215 302 1253 nou
316 1197 423 1273 faciut,
446 1197 518 1273 qaod
530 1198 629 1269 secere
646 1215 700 1250 aon
708 1205 809 1268 potest.
841 1192 1011 1268 Additque:
1033 1197 1132 1253 Nonne

131 1281 185 1334 istu
205 1287 315 1334 cantant
336 1287 361 1332 et
382 1279 411 1331 in
430 1277 563 1331 montibus
578 1287 719 1348 pastores,
743 1285 768 1330 st
789 1278 818 1330 irr
838 1277 950 1331 theatris
965 1284 1086 1348 poetae,
1109 1289 1132 1332 et

131 1361 232 1414 indocti
259 1361 287 1414 irr
314 1359 435 1424 circuiit,
465 1367 491 1411 ct
518 1359 591 1415 docti
617 1359 645 1412 in
673 1357 852 1422 bibliothecis,
889 1366 916 1410 st
944 1359 1078 1426 moyiatri
1107 1361 1133 1411 ia

130 1436 242 1505 acboiis,
266 1449 291 1494 et
312 1439 445 1492 antistites
467 1439 495 1490 irt
515 1439 602 1491 sacris
623 1438 699 1502 locis,
724 1445 749 1489 et
769 1439 798 1490 t'rr
819 1435 882 1490 orbe
896 1445 1033 1490 terram
1046 1456 1132 1507 qartus

132 1519 295 1574 iomanem?
333 1515 370 1572 Et
396 1518 426 1572 in
455 1515 509 1572 lib.
537 1515 573 1573 dc
600 1515 693 1570 libero
715 1515 860 1582 Arbitrio,
890 1531 952 1586 cup.
973 1515 1021 1572 te.
1069 1518 1132 1579 Quir

49 1657 59 1670 ‚
132 1601 201 1653 enim
217 1605 315 1669 peccet
336 1599 364 1651 ia
385 1614 428 1657 eo,
458 1597 531 1668 qaod
555 1595 635 1672 nete
655 1595 731 1648 modo
751 1597 843 1649 caveri
857 1597 969 1666 potest?
998 1608 1134 1666 peccatur

131 1687 232 1742 atatem,
256 1677 346 1732 canai
367 1677 450 1756 iqitar
466 1683 565 1746 potest.

165 1771 217 1828 ,2.
260 1769 394 1828 Secunda
415 1771 545 1830 conditio
573 1772 712 1844 requisita
740 1787 776 1826 ex
801 1779 883 1842 parte
910 1772 1007 1841 ipsius
1034 1781 1128 1840 sotus,

129 1851 167 1908 ad
187 1853 242 1908 hoc
264 1858 296 1905 ut
316 1852 353 1906 sit
373 1851 549 1919 meritorios,
570 1860 612 1907 est
633 1859 664 1906 ut
684 1851 723 1904 sit
741 1849 834 1906 benus
853 1858 882 1906 et
895 1849 1046 1920 honestus,
1071 1862 1126 1910 taur

129 1947 167 1988 ax
187 1940 269 2002 parte
290 1929 412 2002 objecti,
440 1946 526 2002 qnam
548 1933 614 1986 tinia
636 1937 664 1984 et
684 1930 816 1996 aliarum.
829 1929 1124 1999 circumstantiarum,

128 2011 161 2071 ii
182 2019 239 2078 ert,
261 2019 293 2068 ut
313 2017 393 2066 actus
413 2011 466 2068 ille
486 2010 593 2069 babeat
612 2007 757 2082 objectum
781 2009 888 2064 bouum
911 2017 939 2064 ct
958 2011 1124 2076 honestum,

129 2099 156 2147 et
178 2093 227 2146 flat
247 2099 366 2162 propter
386 2089 473 2145 finem
493 2087 604 2146 bonum
624 2105 658 2144 ec
680 2089 739 2144 Deo
760 2097 889 2160 gratum,
915 2105 949 2144 ae
971 2091 1004 2144 in
1025 2091 1125 2160 ipsunt

127 2171 237 2240 Deum,
259 2171 308 2226 vel
329 2169 496 2238 actualiter,
518 2169 565 2224 rel
586 2169 688 2224 saltem
709 2169 872 2225 virtualiter
892 2169 1049 2236 referatur,
1072 2186 1125 2226 nec

128 2251 190 2311 ulla
210 2267 301 2322 prave
320 2246 539 2304 circumstantia
559 2250 687 2304 vitietur.

188 2346 280 2416 Hujus
308 2345 485 2404 conditionis
513 2346 669 2402 necessitas
697 2351 809 2400 cenare
835 2358 872 2398 ex
899 2359 948 2414 eo,
982 2345 1067 2416 quod
1089 2347 1123 2400 iu

127 2427 283 2495 seripturis
305 2424 468 2490 retributio,
490 2439 598 2482 merces
618 2433 648 2480 ct
667 2437 772 2482 corona
785 2423 997 2492 promittantur
1011 2433 1124 2480 tantun

127 2505 265 2576 operibus
291 2503 386 2560 bonis.
437 2504 473 2560 ld
499 2505 587 2565 etiam
614 2518 748 2573 expresse
774 2502 897 2560 babetur
925 2503 954 2558 in
987 2503 1123 2560 Concilio

128 2583 299 2642 Tridentino
327 2599 394 2640 ress.
411 2583 439 2640 o.
460 2597 484 2638 c.
503 2583 546 2638 to.
570 2591 597 2638 et
618 2597 682 2652 cap.
702 2582 737 2638 il
759 2589 789 2638 et
806 2579 853 2636 32.
875 2581 953 2638 uude
976 2583 1006 2638 S.
1020 2585 1123 2655 Augu·

125 2666 218 2722 etinus
239 2663 294 2720 lib.
315 2662 351 2718 (le
375 2663 453 2718 Grat.
476 2671 506 2718 et
524 2663 577 2718 lib.
599 2663 695 2718 Arbit.
718 2677 780 2731 cap.
797 2661 824 2716 6.
860 2660 937 2724 Quas
955 2663 1032 2718 mula
1051 2673 1121 2728 ruet

124 2743 236 2816 inquit,
266 2761 318 2798 aaa
345 2751 457 2798 coronat
482 2743 568 2798 Deos.
619 2741 703 2809 Quod
730 2748 825 2796 entem
853 2755 944 2811 opera
964 2741 1024 2796 illa
1046 2744 1124 2800 bona

23 2869 29 2879 ,
123 2823 207 2880 nulla
228 2823 305 2883 mala
318 2823 534 2879 circumstantie
549 2822 648 2878 vitiari
662 2819 797 2885 deberat,
819 2828 899 2890 petet
910 2836 948 2874 ex
962 2836 1009 2889 ee,
1031 2821 1121 2893 quod,

124 2905 150 2962 ei
172 2901 271 2976 eliqua
284 2902 336 2960 tali
351 2901 567 2964 circumstantia
581 2902 762 2966 vitiarentur,
784 2899 951 2954 desinerent
962 2916 1027 2956 esre
1041 2901 1122 2956 bons

125 2991 154 3040 et
180 2983 315 3041 honestat
351 2997 416 3036 cunr
439 2979 527 3056 juxte
554 2995 713 3051 commune,
732 2977 977 3050 Philosophorum
1006 2981 1121 3036 exiens

123 3063 233 3120 bouum
255 3064 292 3116 ait
312 3077 350 3120 ex
370 3062 486 3132 integre·
502 3075 597 3128 censs,
619 3059 728 3116 rualem
748 3073 786 3114 ex
807 3074 979 3130 quocunque
996 3059 1119 3126 deiectu,

124 3139 203 3212 quod
223 3142 315 3197 insius
336 3141 532 3211 explicabitur
552 3140 583 3194 in
604 3146 729 3197 tractatu
749 3137 785 3194 (le
806 3138 918 3196 actibus
939 3139 1087 3194 humanis.

183 3243 211 3299 a.
247 3243 368 3299 Addunt
384 3247 479 3316 aliqui
495 3245 633 3300 Doctores
648 3243 761 3298 tertiam
776 3243 973 3298 conditionem
988 3253 1118 3314 exparte

123 3323 216 3390 ipsius
238 3329 327 3386 aetus,
349 3321 387 3376 ael
407 3325 463 3379 hoc
484 3331 515 3378 ut
536 3325 574 3378 sit
594 3325 772 3378 meritorius:
795 3323 931 3378 nimirum
952 3329 986 3376 nt
1008 3339 1026 3378 a
1046 3325 1118 3378 eari-

124 3405 189 3453 tate>
202 3400 240 3452 sir
260 3399 384 3465 elicitus,
406 3411 456 3456 eut
476 3403 578 3458 satam
599 3404 767 3472 imperatus.
803 3402 940 3470 Quemvis
960 3411 1059 3460 auten
1075 3419 1119 3458 re·

102 3535 104 3540 ,
125 3488 187 3530 rurn
208 3477 255 3541 rit,
278 3483 357 3530 actus
377 3477 455 3546 illes,
478 3483 529 3554 qui
551 3483 707 3537 ecaritate
729 3483 888 3538 eliciuntur
907 3487 957 3536 aut
970 3483 1119 3554 imperau-

122 3560 177 3618 tur;
200 3566 261 3608 esse
282 3553 406 3610 maxime
426 3561 589 3616 meritorios
609 3575 681 3632 prae
701 3561 816 3617 actibus
837 3562 959 3616 aliarum
981 3575 1118 3633 quarun-
