2324 3886
436 147 555 198 uenio.
929 133 985 205 'tlt

12 278 89 332 lutem
120 276 367 342 inaccessibilem,
402 275 575 348 nullumque
608 275 753 330 homiuem
788 291 852 332 eum
888 277 989 334 videre

11 371 87 426 posse.

55 433 251 504 despondetur
270 433 322 502 (ox
339 441 437 488 mente
459 430 485 488 S.
507 433 665 505 Augustini
685 435 769 504 epist.
788 434 831 488 12.
854 433 893 490 ad
914 436 988 490 Pau-

11 515 97 584 linam,
126 511 179 570 nbi
206 514 278 588 haep
296 514 434 591 Apostoli
461 513 551 568 verba
577 513 639 568 iuse
664 513 821 586 explicet),
850 513 904 572 illa
925 531 986 574 esse

11 591 183 665 intelligenda
203 579 239 647 de
267 600 342 646 statu
372 593 528 660 viatorum,
556 608 613 646 non
643 608 710 648 vero
738 579 903 659 beatorum,
931 595 986 650 lroe

12 681 55 738 est,
81 673 172 728 Duum
201 671 238 725 ab
264 671 452 741 hominibus,
480 669 656 742 quamdlu'
647 687 677 726 ιιι
705 671 760 726 hae
788 673 905 731 mortali
926 677 987 728 vita

12 752 113 823 degunt,
141 750 302 807 seeundum
323 752 415 824 legem
436 750 614 806 ordinariam
634 765 687 820 per
707 752 784 806 solas
805 760 924 808 naturae
944 755 988 807 vi·

13 847 45 883 res
66 833 138 886 olere
167 828 262 886 videri
290 843 346 885 non
375 842 475 900 poaseJ
499 829 593 900 juxta
613 829 691 936 illud
718 830 814 886 Exodi
835 831 882 885 33.
924 831 988 938 Nost
1023 824 1028 838 '

14 912 93 964 ridebit
112 927 154 964 me
176 911 252 964 bouso
273 919 299 963 et
317 911 401 964 viaet.
887 938 888 950 ι
986 946 990 953 ‚

60 989 243 1062 lle'ioiebant
257 989 284 1043 Ἀ
307 989 510 1044 authoritatem
524 989 680 1046 multorum
697 989 745 1044 SS.
759 987 885 1056 Patrtlm,
907 1005 989 1059 prse-

14 1072 89 1123 sertim
119 1071 147 1124 8.
175 1069 261 1125 duan.
292 1069 505 1139 Ohrysostomi,
535 1067 725 1134 Theodoruti,
758 1067 988 1140 Theophylatttl,

14 1147 151 1218 Euthymii,
162 1163 287 1219 quornm
298 1147 388 1202 verba
398 1149 484 1202 refert
495 1148 595 1204 Sixtus
607 1148 740 1205 Senensis
751 1147 803 1205 lib
813 1143 840 1204 6.
850 1148 986 1206 biblioth.

15 1239 107 1282 sanetae
127 1244 197 1284 ann.
220 1226 287 1282 tas.
308 1229 360 1298 qui
389 1227 530 1298 denegare
557 1226 709 1294 videntur,
742 1227 832 1284 Deum
860 1228 897 1282 ab
926 1229 990 1288 ulio

16 1307 142 1363 intellectu
164 1315 261 1365 creato
283 1307 377 1373 olore,
399 1315 431 1362 ut
450 1309 481 1359 in
503 1321 534 1360 se
555 1316 613 1373 est,
635 1305 730 1362 videri
750 1322 843 1377 posse.
973 1319 975 1326 “

60 1385 257 1457 Respondetur
278 1402 343 1442 oum
364 1384 465 1440 eodem
487 1386 569 1452 Sixto
591 1387 726 1452 Senensi,
755 1386 844 1445 verba
867 1388 992 1452 illorum

19 1463 110 1522 Patrnm
136 1465 332 1537 intelligenda
359 1480 419 1524 esse
449 1467 496 1518 vel
522 1463 558 1520 de
587 1467 698 1523 visione
719 1465 774 1532 Dei
798 1481 851 1534 per
872 1468 989 1532 oculum

20 1558 180 1614 corporeum,
204 1559 290 1616 quem
312 1546 434 1600 latemur
454 1559 514 1600 esse
535 1545 762 1615 impossibilem:
785 1545 833 1600 vel
853 1545 889 1601 de
910 1547 993 1605 elara-

21 1623 58 1678 llei
75 1627 181 1685 visione
203 1641 239 1679 ex
261 1625 331 1680 solis
353 1633 470 1688 naturae
499 1624 627 1685 uiribus,¹
654 1631 682 1686 ot
709 1625 868 1689 secondum
895 1626 994 1698 legent

21 1703 186 1766 ordinariam,
209 1705 242 1758 in
263 1705 318 1758 luae
338 1707 416 1760 ¹sits:
443 1704 491 1758 vel
512 1703 548 1758 de
569 1703 668 1758 eadem
690 1704 769 1758 clara
790 1705 846 1761 Dei
866 1705 988 1771 visione,

22 1781 84 1838 etiam
112 1785 141 1838 in
171 1785 370 1848 alterovita,
403 1791 545 1852 quatenus
576 1784 668 1853 ipsius
699 1785 839 1841 essentiae
871 1783 991 1841 divinae

23 1865 279 1931 conprehensionem
309 1863 469 1935 signifieat,
502 1877 575 1932 quae
602 1857 682 1919 haud
710 1862 799 1920 dubie
826 1867 994 1938 culcunque

22 1940 156 2000 intellectui
178 1951 276 1998 orento
297 1949 340 1998 eat
360 1944 478 1999 omnino
500 1941 703 2012 impossibilis.¹

65 2021 242 2093 ObJ'iciebant
251 2021 290 2154 Ῑ.
321 2021 431 2075 nullam
459 2037 519 2075 esse
546 2021 763 2092 proportionem
791 2021 870 2078 inter
887 2023 991 2090 Deum,

24 2107 44 2148 ut
65 2101 130 2156 clare
158 2101 248 2156 viden
271 2117 335 2168 um,
367 2107 396 2154 et
425 2099 584 2170 potentiam
615 2109 738 2156 creatam
770 2101 989 2168 intellectivam,

26 2190 71 2231 tun
93 2181 158 2236 haee
187 2181 228 2236 sit
254 2182 352 2246 linita,
385 2179 437 2235 ille
465 2195 532 2234 vero
561 2179 707 2236 infinitus:
740 2181 823 2235 uude
849 2181 990 2254 sequitur,

27 2253 93 2312 Deum
112 2261 145 2314 ab
167 2261 319 2316 intellectu
341 2257 434 2314 ore'ato
406 2260 534 2313 tulare
556 2257 650 2314 videri
671 2275 729 2312 non
750 2275 843 2330 posse

67 2335 257 2410 Respondetur
278 2355 315 2393 ex
335 2337 471 2394 mentes.
488 2339 620 2393 Doctoris
642 2353 744 2408 supra,
766 2351 894 2408 respons.
911 2337 948 2392 ad
963 2337 990 2394 6.

28 2427 101 2471 ternu
119 2434 194 2488 esse,
216 2419 330 2476 nnllam
351 2417 559 2474 immunitum
580 2425 608 2472 et
625 2419 771 2472 inlinitum
784 2418 906 2488 reperiri
926 2421 1000 2488 pro-'

28 2497 174 2566 portionem,
209 2499 236 2552 si
265 2498 463 2567 proportionis
493 2498 610 2552 nomine
639 2497 822 2568 intelligatur
848 2495 993 2552 habitudo
1044 2499 1045 2504 ’

30 2580 83 2626 terta
100 2578 265 2648 quantitatis
286 2577 373 2632 unius
393 2575 431 2632 ad
453 2575 591 2644 altemm3
622 2585 651 2632 at
674 2591 759 2647 posse
781 2577 910 2646 aliquem
930 2591 997 2631 ease

31 2658 229 2722 impertionem
261 2659 287 2710 ai
318 2671 372 2726 per
400 2657 483 2710 illam
516 2656 663 2726 quaelibet
689 2658 776 2712 unius
804 2655 841 2711 ad
869 2657 993 2711 alterum

31 2725 140 2790 habitudo
158 2733 361 2804 intelligatur,
390 2735 485 2806 qualis
513 2745 556 2790 est
581 2738 695 2790 effeetus
713 2736 760 2790 ad
781 2747 911 2802 eausam,
941 2749 992 2805 po·

32 2813 110 2868 tentiae
129 2816 173 2870 ad
185 2815 341 2910 objectum.
382 2814 420 2868 Et
437 2817 482 2870 sio
498 2815 593 2884 potest
607 2822 669 2870 es'se
682 2817 830 2886 proportio
846 2823 994 2870 creaturae

33 2885 58 2938 ld
74 2890 167 2960 Deum,
196 2897 227 2950 in
249 2901 388 2965 quantum
407 2894 547 2951 sehabet
570 2893 609 2948 ad
636 2895 736 2962 illum,
764 2902 796 2950 ut
818 2895 932 2949 effeetus
953 2893 994 2948 ad

35 2977 119 3026 uusen
139 2990 226 3042 suam,
249 2975 297 3030 vel
317 2981 349 3028 nt
368 2976 500 3043 potentia
520 2971 558 3027 ad
579 2973 724 3046 objeotnm
744 2989 835 3028 auum.
869 2974 902 3030 si
916 2975 994 3030 euim

36 3041 87 3099 inter
103 3055 254 3120 potentiam
280 3061 308 3108 et
335 3051 481 3124 objectum
509 3054 591 3107 linita
618 3055 721 3126 aliqua
746 3061 775 3108 et
803 3051 995 3108 determinata

36 3132 152 3194 lrtportio
172 3149 232 3188 esse
261 3131 395 3199 deberet,
424 3141 605 3204 sequeretur,
633 3132 789 3204 nequidem
816 3133 994 3188 voluntatem

37 3213 129 3263 tntum
154 3227 236 3281 posse
264 3213 334 3267 ferri
361 3215 392 3266 in
419 3211 511 3268 Deum
537 3227 588 3282 per
614 3221 707 3268 autum
737 3213 865 3268 raritatis
896 3223 996 3281 snper-

39 3289 161 3358 naturalis,
183 3289 260 3364 quod
282 3299 377 3347 tamen
398 3291 548 3346 evidenter
568 3293 672 3347 falsum
694 3299 743 3347 eat.
773 3303 779 3318 ⁴·
852 3321 856 3330 ‹

394 3479 604 3490 mu·-
