2304 3888
112 103 175 172 268
465 119 753 166 murmurantem.

173 241 201 296 Β.
231 239 329 298 Prima
349 241 440 312 igitur
461 253 495 297 ea
512 247 574 306 est,
596 253 682 310 quam
702 241 813 310 profert
832 241 862 295 S.
885 241 1015 296 Basilius
1036 241 1113 297 ltom.

114 322 149 376 de
177 319 324 390 principio
345 319 500 391 Evangelii
521 319 550 374 S.
571 319 656 375 doen.
687 327 716 374 et
737 321 763 374 S.
786 321 967 392 Augustinus
995 319 1050 374 lib.
1069 320 1115 375 ¹⁵.
1150 385 1151 388 Ἴ

117 401 152 455 de
173 399 279 462 'lriuit
307 413 374 470 esp.
391 397 436 454 ll.
467 400 537 470 quia
564 399 675 454 seilicet
704 399 839 454 maxime
858 399 971 466 decuit,
1001 407 1036 453 ut
1061 399 1116 453 ille

114 493 240 551 persona
255 477 427 550 jungeretur
447 478 747 546 natoroedrumanae,
775 495 828 548 per
855 494 943 548 quam
969 477 1116 547 homiues,

115 559 176 632 qui·
187 559 362 614 intenebris
375 559 481 614 erroris
495 573 530 612 ao
541 557 723 628 ignorantiae
736 573 789 628 per
802 565 953 630 peccatum
962 557 1116 630 jacebant,

112 639 258 710 ‘peculiari
279 637 413 710 quadam·
425 637 536 692 ratione
556 637 794 692 illuminarentur
822 653 856 692 ec
885 637 1116 692 instruerentur:

116 733 151 776 ta
170 733 239 774 vero
260 730 383 788 persona
402 725 447 771 est
462 715 594 772 *Verbum
616 715 766 784 divinum,
788 716 875 789 juxta
888 715 974 772 illud
997 718 1067 786 Sap.
1091 715 1118 773 1.

116 799 188 853 Foeta
214 799 366 869 sapientiae
397 795 509 851 Verbum
531 795 585 850 Dei
605 797 634 848 ιιι
653 797 788 862 *excelsior
816 797 858 850 ite
885 798 963 862 euim
991 813 1012 850 a
1031 795 1120 852 Patre

117 878 235 934 coelesti
257 891 354 932 rumor
374 891 427 946 per
440 873 569 929 Verbum
591 890 674 930 suum
696 875 807 942 edocti,
828 877 923 930 ut'oit
941 875 968 930 S.
987 875 1118 932 Thomas

116 973 221 1028 supra,
244 955 319 1010 sicut
340 955 502 1026 discipulus
525 954 644 1009 docetur
665 955 754 1010 verbo
775 955 914 1026 magistri.

177 1062 274 1116 Aliam
297 1061 436 1114 rationem
458 1058 539 1114 offert
554 1059 581 1114 S.
597 1059 773 1114 Athanasius
788 1060 840 1114 lib.
857 1060 893 1114 de
908 1059 1025 1114 Incern.
1048 1064 1120 1132 quie

118 1141 234 1197 scilieet
257 1153 362 1210 mum
390 1137 600 1194 iucarnationis
628 1139 685 1194 init
709 1141 882 1194 iuste-oratio
903 1139 1025 1197 divinae
1046 1141 1120 1196 ima-

119 1219 211 1294 ginis,
234 1235 308 1290 quae
328 1234 380 1290 per
400 1225 549 1288 peecatum
570 1219 664 1272 iuerat
684 1220 714 1273 iu
736 1218 821 1274 nobit
844 1219 923 1273 velut
943 1219 1118 1277 obliterata:

117 1299 195 1354 uude
215 1299 330 1365 decuit,
354 1306 387 1352 ιιι
407 1305 526 1352 neturoe
547 1305 661 1352 nostrae
682 1297 902 1366 ille'uuiretur‚
932 1300 984 1368 qni
1007 1299 1059 1370 (ιιι
1081 1302 1120 1354 eit

117 1381 219 1450 Apost.
233 1376 381 1432 Coloss2.
398 1375 522 1432 et'Hebr.
537 1377 579 1448 1.)
601 1387 643 1432 eet
664 1379 752 1448 imaqo
773 1377 829 1432 Dei
848 1377 1000 1444 invisibilis,
1023 1381 1121 1451 splen-

117 1459 167 1512 dor
186 1457 280 1532 Putris
308 1466 333 1511 et
350 1459 446 1528 flyoro
473 1457 639 1513 substantiae
667 1458 740 1534 ejus:
769 1460 801 1511 ιιι
828 1457 870 1512 sie
891 1459 987 1526 imago
1003 1451 1069 1513 'illa
1090 1463 1120 1514 in

116 1535 201 1591 nobis
223 1539 305 1607 quasi
332 1537 521 1606 impressione
548 1535 639 1608 sigilli
668 1534 762 1590 divini
790 1544 988 1606 repararetur,
1019 1546 1055 1592 ut
1077 1541 1119 1594 lo-

116 1617 256 1691 quiturS.
271 1617 403 1672 Clemens
418 1615 609 1670 Alexandro
625 1624 695 1670 oret
717 1616 920 1682 exhortatoria,
944 1616 981 1672 od
998 1616 1117 1674 Gentes.
1150 1649 1151 1652 ι

176 1720 339 1784 Dicendum
361 1719 388 1775 ἃ
411 1717 716 1776 convenientissimum
738 1721 842 1788 fuisse,
873 1728 907 1776 ut
931 1721 987 1778 hoc
1009 1733 1121 1794 myste-

115 1801 191 1856 rium
211 1815 268 1853 noo
292 1799 388 1861 stetim
410 1784 446 1852 eb
467 1799 553 1856 initio
574 1800 687 1871 mundi
699 1799 825 1866 conditi,
848 1815 901 1856 nec
922 1804 1047 1858 omuino
1064 1803 1118 1858 sub

114 1879 217 1946 duem,
240 1878 321 1936 sed
313 1895 342 1934 ιιι
364 1878 460 1934 medio
483 1880 565 1950 quasi
586 1885 714 1949 tempore
735 1888 928 1952 perageretur.

174 1983 237 2040 Non
260 1983 378 2055 quidem
398 1984 496 2040 statim
518 1984 555 2038 ab
568 1985 681 2054 ‘initio-1,
708 1991 741 2038 ιιι
766 1985 898 2042 homines
913 1984 1119 2043 vdiuturniori·

115 2064 171 2120 bus
190 2064 275 2118 melis
298 2063 454 2120 conflictati
476 2063 578 2118 melius
600 2069 785 2136 senescerent
806 2073 925 2120 naturae
946 2081 1017 2120 suae
1034 2068 1118 2122 iufir-

115 2144 260 2210 mitatem‚
282 2142 443 2214 majorique
459 2143 560 2198 effectu
572 2143 695 2198 divinoe
709 2144 818 2214 gratiae
832 2151 963 2213 optarent
978 2160 1014 2200 ac
1029 2161 1119 2216 quae·

115 2225 211 2278 terent
242 2223 403 2289 auxilium
435 2229 463 2277 et
493 2222 531 2277 ob
563 2221 729 2277 diuturnam
762 2224 991 2292 expectationem
1019 2225 1119 2294 pluris

115 2303 302 2358 aestimarent
322 2301 441 2358 divinoe
461 2302 679 2357 misericordiae
700 2301 881 2358 beneficium.
911 2301 1012 2372 Neque
1028 2305 1119 2361 etiem

117 2382 291 2436 couveniens
319 2381 391 2448 luit,
420 2381 530 2436 differri
557 2397 648 2452 usque
677 2381 714 2434 od
741 2381 845 2436 muudi
868 2383 968 2448 duem,
1000 2397 1039 2437 ne
1063 2383 1119 2438 Dei

117 2461 246 2532 cognitio
264 2475 384 2530 prorsus
405 2463 437 2515 iu
458 2459 625 2514 hominibus
647 2461 879 2532 extingueretur,
904 2475 977 2516 neve
1001 2465 1118 2533 generis

115 2539 236 2597 humani
257 2548 363 2610 strages
385 2555 418 2594 ac
439 2539 540 2594 ruinae
560 2540 683 2594 nimium
707 2535 888 2612 augerentur.
920 2539 1019 2595 Unde
1050 2559 1119 2598 con·

116 2634 248 2691 sequeus
261 2628 319 2687 est,
342 2619 644 2674 convenientissimum
665 2620 754 2674 fuisse
776 2627 889 2690 tempus
902 2619 1006 2688 illud,
1034 2621 1117 2693 quod

115 2698 153 2754 ad
175 2697 374 2770 exequendum
393 2697 475 2752 istud
495 2700 663 2767 mysterium
686 2699 764 2753 Deus
784 2698 901 2771 delegit.

444 2899 673 2980 'secoro
718 2883 797 2978 ιιι]
839 2957 844 2966 .

173 3037 239 3095 Au
255 3038 500 3099 'meamatloula
520 3028 720 3134 mysterium
739 3041 784 3098 alt
797 3039 1046 3134 'necessarlum

93 3171 96 3178 '
178 3169 204 3226 l
248 3172 363 3226 Certum
386 3179 425 3226 est
445 3173 476 3226 iu
501 3173 620 3243 primis
647 3171 739 3226 Verbi
765 3171 862 3228 diviui
883 3173 1114 3228 incarnationem

116 3263 174 3305 aon
204 3249 293 3314 luisse
319 3249 382 3304 ullo
409 3250 496 3306 modo
524 3253 731 3318 necessariam,
764 3251 826 3306 sed
840 3265 960 3320 prorsus
989 3252 1114 3307 liberam

118 3334 256 3395 respectu
270 3325 342 3393 Dei,
370 3342 451 3382 cum
461 3330 526 3396 ipsa
547 3331 638 3384 etiem
661 3329 765 3384 mundi
790 3331 894 3385 creatio
915 3338 945 3385 et
964 3331 1115 3402 quaelibet

117 3401 178 3456 alie
196 3404 326 3472 operatio
347 3403 386 3456 ad
406 3412 487 3458 extro
502 3405 569 3461 Deo
590 3409 629 3461 sit
648 3409 765 3464 omniuo
786 3409 887 3464 libera.

178 3481 293 3535 Certum
314 3488 356 3535 est
377 3479 498 3560 deinde,
520 3499 614 3555 neque
633 3489 721 3542 etiam
735 3488 884 3558 cumcito
898 3489 985 3558 lapsu
1000 3490 1114 3560 generis
