2294 3892
411 179 591 224 umorum
824 147 832 168 '
933 163 995 232 ttlt

18 312 32 350 a
53 298 111 352 sola
137 292 418 365 omata'voluntate,
447 313 521 370 quse
543 299 655 371 gratiae
675 299 735 369 ipsi
756 303 926 358 emmaum
947 302 995 358 tle

18 383 104 447 negat,
133 385 160 432 et
187 379 229 432 sic
258 393 319 433 eam
346 379 525 434 inefficacem
552 377 658 434 reddit.
711 379 797 436 Uare
824 382 997 453 §.Prosper

18 455 60 510 lib
74 455 99 512 2.
122 456 159 512 de
178 457 278 512 Vocat.
291 465 369 530 pent.
392 473 416 512 c.
432 456 480 512 aba
511 458 591 520 Quod
605 459 714 528 pretim
735 460 847 531 inquit,
869 478 887 515 u
906 463 996 516 mobis

17 538 151 605 respuitur,
188 539 306 608 qsaorum
336 546 377 592 ert
403 539 553 608 nequitiae,
589 540 661 609 qnod
682 555 749 593 asro
774 542 933 610 suscipitur,
970 551 996 596 st

17 617 238 684 metoerctataes
259 627 311 681 ast,
333 619 684 674 sementariciam.
783 643 785 650 ⁴

65 719 170 775 Verum
192 720 230 776 ad
251 721 402 777 clariorem
430 721 518 794 hujus
549 721 743 795 distinctionis
771 721 995 796 intelligentiam

18 811 139 868 quaeres,
161 807 257 856 utrum
277 817 314 856 ex
339 797 451 856 duobus
471 802 640 856 hominibus
662 803 777 874 aequali
800 799 995 879 gratia‘prce·

18 879 97 934 ventis
120 887 147 934 et
167 881 301 936 excitatis
322 883 471 954 contingat
492 881 660 953 aliquando,
684 891 733 938 aut
750 883 916 977 contingere
929 897 995 954 pos

18 957 58 1025 rit,
85 967 115 1014 ut
142 975 217 1014 unus
246 959 355 1032 gratiae
383 961 558 1028 consentiat,
589 962 679 1016 altero
706 977 765 1016 non
787 961 993 1055 consentiente,

17 1037 182 1110 proindeque
203 1045 236 1094 ut
256 1035 397 1111 aequalis
409 1039 552 1112 gratiale
574 1047 632 1096 urio
654 1039 758 1098 efficax
779 1041 830 1109 ait,
852 1043 881 1096 iu
902 1043 995 1136 altero

18 1133 71 1172 vero
91 1119 238 1174 sufficiens
260 1126 371 1174 tantum
392 1135 443 1173 sen
463 1121 609 1174 inefficax.

64 1213 515 1286 Respondetur1.illum,qui
538 1217 696 1283 consentit,
725 1216 864 1288 maJ‘orem
885 1233 997 1290 semper

18 1291 133 1348 absolute
153 1295 300 1366 loquendo
322 1295 445 1366 gratiam
466 1295 613 1364 accipere,
639 1311 698 1350 non
720 1297 810 1352 solum
833 1298 864 1350 iu
886 1300 996 1353 ratione

19 1369 91 1440 doni,
120 1382 152 1427 ut
180 1389 267 1444 supra
295 1373 440 1442 diximus,
473 1374 524 1430 sed
552 1376 638 1430 etiam
665 1376 697 1429 in
725 1377 837 1430 ratione
866 1378 995 1434 entitatia

18 1451 95 1520 ipsius
117 1453 240 1524 gratiae:
263 1468 326 1508 cum
349 1455 445 1523 ipsum
466 1467 638 1509 consensum
656 1455 791 1524 accipiat,
814 1461 898 1526 atque
922 1456 995 1512 adeo

18 1534 110 1600 gratiae
133 1531 300 1604 adjuvantis
321 1542 349 1590 et
370 1535 551 1605 cooperantis
573 1533 689 1602 donum,
712 1549 769 1606 quo
791 1544 868 1592 caret
887 1535 920 1604 is,
944 1537 996 1608 qui

18 1623 63 1664 uon
83 1613 232 1666 consentit.

63 1705 261 1778 Respondetur
281 1707 308 1764 2.
330 1707 356 1762 si
378 1708 414 1762 de
442 1700 503 1764 sola
532 1711 625 1782 gratia
653 1711 797 1767 excitante
826 1726 920 1769 sermo
947 1713 994 1780 sit,

19 1787 120 1842 seclusis
142 1788 278 1842 omnibus
298 1787 375 1854 aliis,
398 1789 505 1852 multos
523 1805 623 1860 graves
640 1789 803 1862 'theologos
819 1791 994 1863 existimare,

19 1863 68 1920 ieri
86 1882 178 1937 posse,
201 1873 233 1922 ut
253 1882 291 1932 ex
310 1866 422 1922 duobus
444 1868 560 1940 aequali
580 1883 703 1940 prorsus.
717 1871 810 1941 gratia
830 1872 997 1940 praeseutia

19 1951 39 1996 et
55 1948 183 2002 excitatis
207 1961 281 2002 unua
302 1947 477 2014 consentiet,
499 1946 571 2017 alter
591 1963 661 2002 vero
683 1947 844 2005 dissentiat
879 1950 924 2006 Itu
937 1949 996 2004 Ru-

19 2023 88 2080 ardus
110 2027 238 2097 Taperue
259 2033 311 2082 art.
328 2025 356 2082 7.
378 2035 477 2084 contra
490 2027 656 2094 Luthernm,
679 2027 875 2086 Bellaruainua
896 2028 949 2090 lib.
966 2028 995 2086 o,

19 2099 45 2156 de
62 2105 111 2162 lib.
133 2105 229 2162 Arbis
253 2121 315 2178 cup.
337 2104 383 2161 15.
413 2114 441 2162 ct
460 2106 558 2178 plures
579 2107 649 2173 alii,
678 2107 786 2178 quibus
812 2109 915 2165 marito
944 2106 996 2164 ed-

16 2179 120 2256 jungere
140 2200 292 2256 possumus
319 2185 352 2240 Β.
371 2185 558 2245 Franciscum
578 2185 720 2242 §menium
741 2186 919 2258 Episcopum
941 2185 995 2241 Ge-

18 2259 174 2322 bennensem
203 2263 256 2322 lib.
278 2265 306 2322 2.
329 2265 425 2322 divini
445 2266 562 2324 Amoris
583 2266 680 2336 capita
700 2265 745 2322 10.
767 2265 820 2323 ubi
841 2265 996 2337 explicans

16 2337 155 2414 judicium,
177 2343 256 2416 qnod
270 2353 355 2401 vacat
369 2346 605 2416 comparationis,
626 2345 662 2403 (le
678 2361 735 2415 quo
749 2345 781 2400 in
795 2347 885 2402 variis
898 2346 994 2401 Evan-

18 2423 75 2489 gelii
93 2425 167 2480 locis
192 2425 300 2480 mentio
327 2425 373 2480 fle:
401 2423 480 2480 illud
507 2425 539 2478 in
566 2441 599 2480 eo
627 2424 794 2482 iaciendum
821 2441 882 2480 esse
911 2425 994 2496 dicit,

19 2502 83 2569 quod
109 2505 204 2576 aliqui
231 2503 418 2575 aequalibus,
451 2506 511 2562 imo
542 2502 701 2575 majoribus
733 2505 843 2578 gratiae
873 2504 995 2562 auiliis

18 2584 153 2646 praeventi
182 2589 210 2642 et
237 2584 372 2654 excitati,
407 2583 525 2640 divinae
556 2584 747 2638 nihilominus
777 2583 994 2641 misericordiae

19 2672 171 2718 consensum
194 2665 378 2736 negaverint3
399 2664 451 2718 alii
473 2664 656 2736 aequalibus,
677 2664 736 2719 imo
755 2663 915 2722 minoribus
930 2677 995 2735 gra·

18 2738 62 2794 tiae
81 2743 201 2800 auxiliis
221 2744 349 2810 excitati,
371 2743 592 2813 inspirationem
612 2743 743 2802 divinam
764 2744 855 2798 secuti
876 2743 992 2810 tuerint,

19 2821 89 2876 stad
108 2822 317 2892 poenitentiam
337 2823 479 2878 conversi.

65 2914 192 2990 *nujus
214 2925 309 2972 autem
329 2919 474 2972 secundae
496 2920 692 2988 responsionis
713 2919 819 2975 veritas
837 2915 990 2973 constrati.

20 3004 47 3045 tx
70 2997 111 3052 his
140 2998 248 3053 Christi
275 2997 394 3052 Domini
422 2998 519 3053 verbis
541 2999 643 3053 Mattb.
660 2997 705 3054 11.
759 2997 820 3052 Vce
834 2997 884 3052 tibi
907 2997 992 3052 Gero-

20 3075 88 3140 uim,
117 3093 165 3132 nce
191 3078 240 3132 tibi
265 3077 431 3139 beraeam,
461 3080 526 3150 quic
546 3081 572 3132 ιι·
592 3080 620 3132 s'rs
642 3077 712 3147 ipro
731 3089 759 3132 et
779 3077 993 3148 attemperant

15 3149 116 3216 fisbacat
136 3160 261 3221 uirtutem
286 3174 355 3230 qaue
370 3157 466 3228 suctus
487 3167 548 3212 aunt
568 3161 597 3211 in
616 3159 704 3222 cobis,
728 3159 821 3212 cllsrs'
810 3175 839 3210 aa
859 3157 946 3212 cilicio
968 3167 993 3212 et

19 3232 92 3289 qnare
106 3239 300 3307 poeniteanum
321 3239 446 3306 epissent.
499 3237 577 3304 Quae
598 3237 717 3308 quidem
738 3235 939 3307 exprobratio,
960 3243 994 3290 ut

16 3305 82 3374 iusta
100 3318 136 3372 sit
157 3325 185 3372 et
204 3315 397 3384 rationabilis,
420 3319 559 3387 supponit
575 3317 679 3386 Tyrios
695 3324 722 3372 et
736 3317 881 3389 sydonios
902 3318 997 3371 tuisse

20 3401 207 3463 consensuros,
236 3403 263 3450 et
290 3397 498 3466 poenitentium
520 3404 649 3462 acturos,
678 3399 702 3452 si
724 3397 894 3452 habuissent
912 3395 992 3452 idem

19 3471 158 3542 auxilium,
188 3483 238 3530 ant
256 3491 310 3544 pur
330 3477 391 3543 illi,
419 3476 499 3546 qnod
519 3475 625 3532 Judaei
646 3484 831 3546 respuerunt:
858 3491 912 3546 par
933 3474 993 3547 (iu-

19 3551 105 3624 quam)
137 3571 194 3610 non
229 3555 321 3609 solum
355 3555 452 3626 quoad
483 3562 602 3610 externa
633 3554 773 3610 miracula
802 3564 829 3612 et
857 3555 990 3620 virentes,
