2304 3888
119 153 181 220 ibi
467 167 505 214 ιιι
519 167 614 213 utesu
633 167 761 214 ιιοιιιιιιιι

180 287 400 344 Observandum
421 289 594 355 est'satem,
624 288 703 359 quod
723 289 794 344 licat
813 287 941 344 detectus
962 290 1040 357 illi,
1062 293 1117 362 qui

121 371 158 424 sb
179 367 317 439 osigiusli
337 377 454 438 peccsto
476 376 638 433 causamur,-
660 369 721 422 siut
740 369 858 425 Homini
873 371 1034 436 naturales,
1057 385 1121 425 osae

122 447 313 504 nibilominus
340 460 455 514 verum,
484 448 553 502 illos
580 455 640 501 tum
667 461 720 516 per
748 449 876 502 actualia
894 457 1034 517 peccato,
1056 458 1120 504 tum

121 543 172 598 per
199 528 320 582 vitiosos
347 527 480 596 babitus,
509 529 560 597 qui
587 533 639 598 pes
665 535 785 596 peccata
812 528 866 582 illa
895 529 1119 594 contrahendus,

121 609 246 662 maxims
267 608 382 678 sugetis
404 605 482 661 uude
502 607 550 673 flu,
573 613 605 660 ut
624 607 710 660 bomo
731 623 784 676 per
796 615 922 676 peccata
941 607 999 661 illa
1021 617 1121 662 actua·

121 687 178 754 lis,
201 701 276 758 quse
294 686 464 752 committit,
487 693 515 738 st
534 699 588 756 per
608 686 728 740 vitium
749 685 884 752 babitus,
910 701 983 756 quos
1004 690 1124 744 rationo

122 766 240 822 illorum
261 765 421 835 contrahit,
449 764 534 836 louge
562 764 699 836 mojorem
722 765 953 822 obscurationem
974 768 1009 818 in
1031 766 1124 821 intel·

120 847 198 900 lcctu
220 853 247 900 et
267 845 408 900 malitiam
428 844 459 897 in
472 845 649 908 uoluntate,
679 851 764 914 atquc
785 841 858 898 adeo
880 845 967 916 longe
990 849 1124 902 acriores

120 927 252 980 stimulos
273 925 524 994 concupiscentiae
553 931 582 977 et
607 921 745 993 majorem
766 923 804 978 ud
824 925 894 978 illos
916 926 1124 994 septimendos

122 1004 302 1059 debilitatem
315 1003 504 1072 experiatur,
533 1018 618 1074 quam
640 1001 772 1073 alioquin
795 1004 966 1057 naturaliter
988 1004 1124 1074 biberet

121 1085 148 1138 si
166 1085 250 1138 nulla
270 1082 396 1138 actualis
415 1088 534 1150 peccata
550 1079 765 1148 commisisset,
795 1091 843 1137 cut
871 1083 984 1137 nullos·
1000 1085 1124 1139 babitus

123 1165 242 1218 vitiosos
263 1161 461 1216 contraxisset.

180 1259 247 1315 Jam
275 1256 353 1328 qnod
380 1265 488 1328 spectat
516 1257 694 1327 ed'corpus,
722 1257 851 1310 breuiter
878 1257 1042 1313 dicendum
1075 1271 1122 1326 est

73 1341 80 1356 '
122 1337 235 1393 dolores
263 1349 361 1392 omnes
389 1343 416 1390 et
443 1353 566 1408 poenos,
602 1350 655 1392 neo
683 1350 740 1390 nou
769 1338 921 1392 innumera
948 1339 1124 1396 morborum

121 1431 240 1490 genera,
263 1415 368 1486 quibus
388 1417 520 1471 homines
542 1417 571 1469 in
590 1417 647 1470 hac
669 1418 730 1470 vita
751 1413 917 1485 subjacent,
941 1433 975 1471 ac
993 1418 1124 1490 denique

120 1503 239 1551 mortem
260 1495 353 1565 ipsam
374 1510 436 1551 esse
455 1497 568 1565 peccati
589 1497 739 1568 originalis
760 1495 881 1550 effectus.

182 1591 242 1646 Hoc
263 1593 412 1648 manifeste
434 1599 546 1648 constat
567 1607 603 1653 ex
624 1593 780 1662 Scriptura.
813 1589 884 1650 Gen.
903 1591 928 1646 l.
953 1592 1123 1666 Quocunque

121 1673 164 1726 dte
187 1673 331 1725 comedeie's
353 1690 384 1724 ec
405 1690 449 1734 eo,
472 1681 555 1724 morte
575 1673 706 1725 morieris.
741 1669 777 1724 Et
798 1687 859 1744 cap.
874 1671 901 1724 3.
924 1669 1122 1744 Multiplicobo

120 1769 262 1806 aerumnas
291 1759 351 1803 tuos
379 1759 434 1804 etc„
468 1751 499 1819 Io
526 1753 624 1804 sudore
652 1751 738 1804 uultus
767 1752 805 1804 tui
831 1753 947 1804 vesceris
962 1770 1046 1822 pane
1071 1765 1121 1807 tuo.

122 1830 158 1884 Et
179 1830 254 1886 Rom.
272 1827 298 1883 6.
324 1828 467 1902 Stipendia
482 1834 591 1902 pcccati
610 1849 689 1884 mors.
732 1828 813 1883 Unde
835 1831 862 1883 S.
878 1829 1067 1901 Augustinus
1090 1834 1123 1887 de

118 1907 224 1963 Verbis
247 1907 365 1962 Domini
387 1909 531 1964 serm21.
554 1925 615 1980 cap.
635 1909 659 1964 t.
699 1907 764 1970 Quis
788 1909 887 1974 nescit,
917 1911 998 1980 quia*
1010 1916 1122 1982 peccati

113 2005 206 2060 poeno
238 1997 287 2053 est,
321 2007 426 2044 necesse
458 2007 514 2042 esse
541 1997 570 2042 ut
601 1989 766 2042 moriamur?
815 1989 892 2050 Quod
920 1993 1041 2058 provinc
1077 2001 1121 2056 est,

119 2063 225 2141 quaudo
245 2071 386 2124 nescimus.
427 2071 519 2122 Poeno
540 2077 614 2122 certo
635 2079 688 2130 est,
712 2069 779 2122 born
801 2071 912 2140 incerto.

99 2273 116 2364 J
192 2297 196 2303 ’
391 2279 825 2382 ’‘enesio'u‘
888 2279 892 2290 ’

136 2397 163 2463 s
208 2387 445 2502 οιιιιαιιιιιιιι
468 2419 1021 2556 οῦῶιιῄᾙρέἓθοιιςιιιιιιιιιι

182 2627 207 2684 1.
251 2627 431 2696 Quaestionis
458 2628 544 2702 hujus
570 2630 728 2700 praecipuo
750 2621 969 2686 difficultasest
995 2631 1033 2684 de
1048 2649 1125 2702 ¹par·

118 2709 195 2764 vulis
219 2707 281 2763 sine
302 2707 448 2777 Baptismo
471 2723 507 2762 ex
527 2701 583 2763 hac
604 2711 663 2764 vita
685 2707 906 2776 decedentibus,
935 2724 969 2763 ec
992 2713 1122 2782 proinde

119 2790 150 2844 iu
173 2789 310 2860 originnli
330 2795 449 2858 peccato
469 2789 676 2855 morientibus,
706 2805 742 2844 an
765 2789 877 2844 scilicet
898 2789 1012 2844 ratione
1034 2792 1121 2846 illius

116 2870 230 2938 peccati
251 2866 434 2941 originalis,¹
453 2883 518 2929 cnm
540 2883 596 2937 quo
619 2867 680 2943 solo
703 2867 863 2934 decedunt,
888 2883 987 2938 poene
1016 2871 1122 2942 aliqua

118 2947 298 3022 afficiantur,
320 2957 349 3002 ct
370 2963 510 3020 quaenam
532 2949 587 3006 illa
607 2949 652 3002 sit.
696 2949 751 3002 Pro
773 2947 855 3019 cujus
877 2940 1059 3004 resblutionc

136 3089 137 3097 ,
174 3042 336 3099 Dicendum
362 3051 427 3111 ¹est,
455 3029 592 3114 pannulos
615 3060 681 3100 cum
703 3045 841 3115 originali
862 3051 981 3114 peccato
1004 3061 1043 3101 ex
1065 3047 1123 3102 huc

116 3122 178 3176 uita
205 3119 376 3184 decedentes
389 3181 391 3186 ,
405 3139 552 3194 nunquam
570 3131 768 3194 «perventuros
792 3138 857 3200 esse
886 3122 925 3178 ad
946 3125 1121 3182 fruitionem

118 3199 228 3275 gloriae
250 3199 473 3271 coelestis‚.sed
493 3219 528 3256 ea
547 3205 579 3256 in
601 3211 747 3262 aeternum
769 3218 829 3258 esso
850 3203 1041 3272 privandos..

149 3319 151 3324 ·
179 3295 254 3348 Huic
274 3297 406 3362 veritati,
430 3313 502 3368 quse
525 3297 561 3354 de
581 3299 650 3354 Fide
671 3307 728 3365 est,
755 3299 912 3369 opponitur
933 3315 1014 3354 error
1034 3301 1122 3354 Pela-

118 3373 288 3444 gieuorum3
318 3373 370 3440 qui
399 3371 447 3444 (ut
472 3377 559 3430 refert
583 3381 617 3434 ⁴¹S.
640 3379 816 3449 Augustinus
844 3379 897 3432 lib.
913 3414 917 3422 s
931 3377 966 3434 de
999 3380 1119 3435 Hostes.

119 3465 182 3518 cap
199 3449 266 3522 88.)
282 3451 405 3518 poesim
433 3453 547 3508 etiamsi
573 3473 631 3511 nou
653 3457 888 3527 baptiasrentur‚
915 3465 1061 3512 aeternam
1094 3469 1122 3514 et

118 3527 232 3582 beatam
261 3529 350 3582 vitam
377 3531 593 3597 promittebant.
637 3536 689 3590 ,Ad
716 3551 810 3606 quem.
830 3549 960 3592 errorem
981 3540 1123 3608 proxime
