2316 3892
150 197 212 264 336
503 197 539 256 'ut
562 202 790 256 rscssusrtonr.

150 339 210 390 sed'
226 337 345 406 dipsitos
370 335 434 396 erit,
464 343 490 387 et
511 334 657 404 praeduro,
688 334 809 402 promoti
830 335 989 401 incorpore
1013 347 1068 383 non
1095 347 1144 384 eor

145 417 236 485 por-ie.
260 417 308 468 sed
329 417 435 469 tutans
450 413 623 484 muretum
637 411 766 482 firtpelit.

209 493 338 550 Tertium
367 503 423 559 est,
453 494 561 547 Christi
588 491 706 545 Domini
734 505 838 562 corpus
866 491 1026 562 gloriosum
1057 505 1144 543 resur

151 575 244 640 gendo
266 576 394 628 olsusum
416 573 601 642 sepulchrum
629 581 811 638 penetrasse3
838 587 923 641 nepas
952 571 1025 622 enim
1054 571 1140 623 esist'

148 671 222 709 more
251 655 374 708 aeternas
403 652 449 722 (ut
478 653 518 706 sit
546 654 572 705 S.
590 651 782 720 Hieronymus
810 648 903 719 Epist.
930 649 967 702 ml
991 649 1149 703 Hedsnia·

149 745 177 805 q.
194 733 238 807 li.)
259 733 389 804 Ampelum
410 733 510 786 ideirco
530 733 649 794 venisse,
671 740 702 783 at
720 731 840 800 aperiret
857 730 972 783 Domino
994 739 1146 798 resur-pent

150 823 175 868 et
196 815 341 868 revolveret
362 813 504 883 lapidemt'
522 813 570 864 sed
590 820 734 880 postquam
755 809 888 862 Dominus
907 811 1077 872 resurrexit,
1110 813 1138 862 iu

151 895 271 956 dieasse,
301 893 367 964 quid
387 892 494 962 saetam
522 899 576 957 est,
606 900 632 944 et
658 890 824 960 repulsivam
849 905 961 942 uacuam
981 891 1116 942 revetra·
1149 914 1158 936 ι

151 973 251 1043 lapidis
266 973 421 1026 ostendisse.
458 973 517 1025 ilco
539 971 615 1024 enim
638 969 765 1040 eorporis
787 969 832 1022 sui
853 967 972 1038 gloriosi
994 971 1153 1038 proprian

152 1053 257 1117 tuisse,
280 1053 402 1122 ipsemet
422 1047 683 1121 postee'ostrndit‚
706 1063 770 1102 oum
794 1045 830 1102 ud
853 1047 1018 1117 discipulos
1039 1049 1075 1102 in
1093 1065 1136 1103 oo

152 1133 258 1188 noculo
278 1140 465 1202 congregatos
483 1129 582 1201 januis
603 1129 710 1182 alensis
732 1129 876 1198 ingressus
895 1134 954 1193 est,
977 1137 1012 1180 ut
1029 1127 1158 1182 hebeto

152 1209 346 1266 sutosneo.
426 1244 429 1252 ·
516 1217 519 1224 ’

212 1289 239 1346 2.
282 1289 419 1358 Quartum
448 1300 505 1353 est,
534 1287 641 1342 Christi
671 1285 788 1340 Domini
818 1287 1064 1341 resurrectionem
1089 1303 1153 1340 ver·

153 1369 212 1424 dici
235 1385 267 1422 sc
288 1387 349 1424 esse
370 1382 484 1423 eausam
506 1367 723 1422 resurrectionis
739 1376 851 1419 nostrae
866 1367 980 1418 futurae
1003 1363 1054 1437 (ut
1071 1368 1158 1421 doce

152 1451 180 1506 8.
197 1449 323 1504 Thomas
351 1455 460 1520 qunest.
477 1447 523 1502 56.
552 1463 576 1499 e.
596 1444 606 1499 t
626 1444 712 1510 eti.)
741 1459 796 1499 nou
818 1443 935 1515 quidem
958 1447 1156 1501 meritorium.

151 1543 215 1584 curu
237 1538 440 1598 postmortem
463 1525 538 1580 nihil
560 1525 686 1596 amplius
707 1525 856 1589 meruerit,
886 1521 936 1578 sed
962 1525 1149 1581 efficientem

141 1609 181 1662 'in
205 1613 343 1678 qtinutom
364 1607 526 1662 humectus
546 1607 652 1660 Christi
676 1613 719 1657 est
733 1605 951 1658 instrumentum
968 1603 1156 1672 divinitatis,

152 1697 180 1740 et
201 1689 274 1741 sicot
295 1703 346 1758 per
367 1687 449 1738 illam
469 1686 597 1753 plurime-
617 1685 772 1748 miracula,
802 1695 830 1738 et
857 1685 942 1736 etium
969 1696 1151 1740 mortuorunt

154 1765 315 1835 aliquorum
348 1765 581 1819 resurrectionem
611 1763 683 1816 alies
712 1764 796 1827 tecit,
825 1763 866 1816 sie
895 1771 923 1816 et
951 1767 1157 1820 universalem

153 1847 280 1900 omnium
302 1843 537 1899 resurrectionem
558 1843 653 1897 faciet.
697 1842 760 1908 Quo
788 1854 872 1896 seusu
894 1842 1032 1896 Christus
1057 1845 1143 1899 Domi

151 1939 205 1978 nus
225 1925 255 1980 S.
272 1925 355 1981 loen.
373 1926 399 1980 5.
422 1923 515 1977 diuite·
540 1923 615 1977 Venit
636 1923 715 1985 loro,
740 1923 960 1992 penetratores,
988 1925 1039 1993 qai
1053 1925 1086 1977 in
1100 1943 1155 1979 mo-

153 2008 285 2060 numentis
310 2015 386 2070 sant,
417 2005 527 2058 aadiem
555 2019 643 2056 nocem
669 2003 735 2056 itta
761 2002 829 2065 Dei,
860 2011 885 2056 et
905 2004 1081 2071 procedent,
1111 2008 1155 2075 qui

152 2085 222 2140 iona
243 2095 366 2155 operteat,
390 2087 418 2137 in
439 2083 666 2143 resurrectionem*
679 2083 750 2136 ritae
765 2090 813 2137 eto.
839 2081 918 2148 Quae
934 2082 1052 2136 Christi
1070 2085 1155 2138 verbs

153 2166 181 2222 8.
198 2165 305 2220 Dootor
325 2167 355 2219 in
378 2164 474 2233 suppl.
497 2179 545 2233 qu.
561 2161 607 2216 to.
637 2170 688 2216 ert.
708 2159 735 2214 2.
764 2159 927 2215 litteraliter
947 2162 1104 2235 iutelligit
1124 2164 1157 2216 de

153 2245 288 2300 sensibili
309 2260 387 2300 omev
400 2243 524 2308 Christi,
545 2257 597 2311 per
617 2249 704 2310 nom
723 2239 880 2309 impertili
901 2244 1155 2310 eottrrrectionem,

153 2335 181 2379 et
209 2325 294 2379 simul
325 2324 407 2378 illam
436 2321 611 2392 operabitur.
655 2321 776 2390 Deque
797 2319 882 2372 etiem
903 2335 975 2374 voce
1000 2322 1155 2378 cressione

153 2416 201 2458 rus
222 2406 426 2473 interpretetur
444 2398 589 2456 illuti'Ps.
606 2397 663 2454 iii(¹
685 2397 756 2453 Ecce
784 2400 860 2452 dulit
886 2401 945 2453 uoci
972 2417 1048 2454 saue
1072 2419 1154 2456 nosen

154 2483 274 2548 rirtotii,
299 2481 335 2536 ed
353 2481 553 2538 'suscitandum
572 2475 688 2534 'lailicet
709 2483 841 2533 mortuos.
952 2475 955 2482 ’

215 2563 281 2616 Dici
309 2557 396 2616 'etium
417 2569 526 2631 potest,
556 2559 664 2613 Christi
686 2557 803 2612 Domini
825 2559 1078 2615 resurrectionem
1104 2577 1156 2616 esse

154 2642 269 2699 oausam
291 2655 348 2695 nou
371 2642 464 2694 solum
486 2639 672 2704 elicientem,
702 2637 752 2692 sed
779 2637 865 2692 etism
888 2637 1102 2706 exemplarem
1123 2657 1155 2694 re

155 2721 341 2778 surrectionis
363 2729 476 2774 nostroe
497 2720 625 2783 futurae,
655 2719 684 2772 in
707 2725 847 2787 quantum
867 2715 981 2772 seilicet
1011 2715 1069 2787 (ut
1093 2722 1155 2776 dicit

153 2801 310 2873 Apostolus
332 2799 460 2869 Philipp.
477 2799 520 2864 3.)
547 2797 705 2868 reformabit
733 2813 829 2866 corpas
857 2797 1020 2852 humilitatis
1049 2813 1154 2856 nosmet

153 2880 347 2954 eoopiparotam
368 2881 475 2950 corpori
495 2879 627 2932 claritatis
647 2893 721 2931 suae.
764 2877 801 2931 Et
822 2877 921 2932 eodem
943 2889 1038 2932 sensu
1070 2897 1155 2936 resur-

156 2963 244 3016 rectio
274 2961 382 3016 Christi
411 2959 528 3014 Domini
556 2957 615 3012 dici
630 2957 728 3011 'etiam
749 2961 844 3025 potest
864 2971 950 3009 cause
973 2961 1154 3033 exemplaris

155 3041 373 3094 resurrectionis
401 3037 563 3108 spiritualis
590 3037 748 3090 animorum
779 3043 955 3090 nostrerum:
1006 3037 1064 3104 Ut,
1098 3043 1153 3096 ιίιιιι

156 3117 277 3172 Christus
297 3119 443 3174 resurrexit
464 3135 482 3172 a
501 3118 612 3170 mortuis
628 3133 682 3186 per
704 3117 819 3185 pluriam
841 3115 948 3180 Patris,
981 3117 1024 3171 ita
1060 3131 1091 3174 et
1116 3134 1154 3170 nos

154 3199 184 3250 ia
204 3199 322 3250 nooitote
342 3201 414 3252 vitae
435 3197 610 3260 ambulemus,
634 3205 666 3250 ut
686 3195 809 3250 habetur
829 3193 911 3249 Rom.
928 3195 955 3248 (i.

545 3431 821 3466 aivum-‘⁶0⁸¹'
