2294 3892
105 133 168 202 386
506 147 544 190 nr
569 143 689 193 smum
1140 177 1141 208 ,

164 267 192 326 3.
233 269 307 326 cnm
326 261 416 342 igitur
434 267 466 322 in
486 267 533 322 lis
552 267 582 322 d.
598 265 756 340 Augustini
776 265 964 338 aliommqne
985 268 1041 322 SS.
1059 268 1119 322 Pa·
1140 293 1141 296 ¹

104 359 180 406 trum
201 349 373 404 testimoniis
393 354 496 418 agatur
514 345 551 404 de
570 346 689 401 homine
708 347 741 400 in
762 351 842 400 stetu
855 353 981 401 ceturae
993 347 1122 417 lapsae,

105 427 141 485 de
160 429 272 500 illoque
294 425 423 494 dicatur,
450 425 531 496 qnod
552 441 569 479 a
589 425 651 480 Deo
670 423 787 496 edjutus
808 425 974 482 esuritio
997 428 1142 500 gratiae,

38 555 42 565 Α
102 517 276 582 praeventus
296 506 372 562 liber
392 512 539 562 remaneat
558 504 597 559 ad
615 503 875 576 obtemperandum
895 505 960 584 lieo
981 507 1038 560 rel
1054 503 1142 561 die-3

102 587 189 657 bolo,
211 587 249 644 ad
273 601 443 642 consensum
466 586 618 640 tentationi
639 583 767 640 dandum
788 585 837 638 vel
857 584 1055 656 negandum,
1079 586 1120 640 ad

103 668 214 724 bonum
235 666 402 738 eligendum
423 665 470 718 vel
490 663 733 736 relinquendum
761 663 831 720 inde
855 665 986 720 insertur
1008 679 1120 722 secun-

105 748 174 804 dum
194 748 313 802 illorum
334 750 474 814 mentem,
502 745 622 816 gretiam
645 742 849 800 medicinalem
869 758 967 813 neque
989 759 1030 816 ac
1054 761 1119 816 grs-

105 829 175 883 tlam
203 825 334 882 sanitatis
361 826 472 880 nullum
492 825 599 878 inferre
618 821 731 878 homiui
751 821 791 877 ed
811 820 959 895 agendum
982 828 1120 880 necessi·
1142 881 1143 892 ,

104 913 208 975 tatem,
236 906 396 975 illumque,
425 905 451 958 si
472 905 559 973 velit,
586 917 672 973 posse
699 903 820 973 gretiam
840 903 924 958 illam
949 905 1116 974 requiret
1142 895 1143 924 i

103 985 247 1058 abjicere,
269 989 297 1058 et
317 985 365 1040 illi
386 985 546 1038 consentire
568 983 615 1038 vel
636 981 806 1041 dissentire:
828 995 861 1036 sc
881 983 1021 1051 proinde
1043 985 1115 1038 dcti-

104 1067 174 1120 tiam
196 1079 257 1120 esse
278 1059 359 1120 illem
382 1063 588 1128 differentiam,
619 1061 867 1131 quam‘Galvinus
894 1061 978 1124 inter
1001 1069 1116 1118 utrem-
1143 1056 1144 1128 i

104 1160 160 1216 que
188 1145 308 1216 gretiam
336 1144 367 1198 in
395 1143 495 1198 odium
517 1141 644 1196 concilii
665 1139 831 1198 Tridentini
854 1141 1001 1198 invehere
1027 1159 1118 1198 enna-

73 1227 91 1240 ‘
105 1233 149 1280 tus
171 1232 222 1279 est.
680 1241 685 1248 ¹

440 1387 684 1458 SEOTIO
714 1389 754 1456 V.

119 1519 175 1578 An
197 1519 307 1592 gratie
330 1515 953 1646 nmwllfbstuvammmmm
978 1521 1100 1592 quod-

163 1717 188 1774 i.
229 1718 294 1773 Non
323 1718 434 1790 egimus
464 1717 513 1772 hic
543 1717 578 1774 de
606 1721 773 1774 necessitate
802 1721 910 1791 gratiae
939 1719 1112 1776 habitualis

101 1798 324 1865 sanctificantis3
347 1806 455 1852 certum
476 1807 519 1852 est
539 1797 633 1866 euim,
663 1799 725 1854 siue
745 1799 800 1854 illa
820 1795 980 1870 quodlibet
1005 1815 1113 1856 verum

101 1878 236 1952 cognosci
249 1893 349 1948 posse:
372 1876 448 1934 unde
464 1877 688 1950 §.Augustinus
710 1875 762 1933 lib.
776 1875 803 1932 l.
825 1884 974 1932 retractat
999 1894 1073 1950 cap.
1085 1881 1114 1936 d.

99 1958 266 2012 retractavit
284 1955 333 2031 id,
363 1957 442 2028 quod
463 1956 577 2012 dixerat
597 1957 650 2012 lib.
669 1957 695 2012 l.
725 1957 845 2029 Soliloq.
872 1972 936 2028 cap.
958 1957 985 2012 1.
1010 1959 1113 2016 Deum

99 2037 218 2092 nonnisi
238 2036 361 2095 mundos
383 2033 469 2092 corde
488 2053 590 2092 verum
610 2038 685 2091 scire
704 2037 841 2092 voluisse.

158 2143 295 2211 Quaestio
325 2143 415 2214 igitur
444 2143 571 2215 intelligi
603 2140 690 2198 debet
718 2143 753 2197 de
785 2141 957 2198 necessitate
991 2149 1114 2215 gratiae

99 2223 238 2292 actualis,
259 2221 297 2278 ed
317 2221 548 2294 cognoscendum
570 2213 725 2294 quodlibet
742 2237 843 2278 verum
863 2221 895 2276 iu
914 2206 999 2278 stain
1025 2235 1115 2282 natu·

99 2317 153 2360 rac·
168 2303 284 2372 lapsae,
306 2301 342 2358 do
363 2317 421 2374 quo
441 2302 504 2358 solo
522 2299 553 2356 in
567 2302 622 2357 hec
637 2303 764 2361 sectione
778 2301 881 2373 agitur.
912 2299 991 2356 Sunt
1006 2315 1115 2362 sutem

98 2381 250 2448 veritates,
283 2397 356 2452 quse
385 2381 422 2436 ab
449 2382 566 2438 homine
595 2382 729 2452 cognosci
753 2387 891 2452 possunt,
918 2380 955 2434 iu
985 2381 1115 2454 duplici

98 2460 274 2520 differentia:
303 2461 379 2516 aliae
407 2462 569 2528 naturales,
598 2475 671 2531 quae
699 2462 748 2516 rel
769 2476 806 2515 ex
826 2457 950 2534 objectis
975 2465 1114 2520 sensibi-

96 2541 176 2598 libus
192 2541 343 2610 cognosci,
364 2540 413 2596 vel
426 2541 554 2598 naturali
570 2540 702 2596 discursu
715 2539 844 2611 intelligi
857 2549 999 2610 possunt,
1029 2544 1112 2599 aliae

97 2620 345 2690 supernaturales,
375 2620 412 2674 ad
433 2635 554 2690 quarum
576 2621 770 2693 cognitionem
791 2634 884 2689 neque
904 2633 961 2690 per
983 2621 1114 2694 objecta

97 2700 265 2766 sensibilia,
287 2714 380 2774 neque
401 2715 453 2770 per
474 2700 633 2756 naturalem
650 2699 813 2754 discursum
825 2700 978 2768 perveniri
992 2710 1112 2772 potest.

97 2779 221 2838 Rursum
242 2775 392 2850 utriusque
413 2781 525 2850 generis
546 2779 681 2836 veritates
703 2785 786 2848 sunt,
814 2779 862 2832 vel
883 2781 1110 2850 speculativae,

96 2861 146 2916 vel
166 2861 320 2930 practicae.
364 2860 564 2933 speculativae
586 2867 653 2914 sunt
674 2874 770 2914 earum
792 2867 901 2926 rerum,
930 2873 1012 2928 quae
1046 2872 1112 2916 tan-

98 2939 247 2996 tummodo
269 2937 484 3010 cognoscendae
506 2945 588 3005 sunt,
610 2945 642 2994 ut
663 2938 788 2992 animam
808 2937 935 2993 hominis
960 2954 1030 2996 esse
1053 2944 1111 2996 im-

96 3020 262 3086 mortalem3
283 3021 429 3090 practicae
449 3033 517 3074 vero
538 3019 671 3087 illarum,
696 3032 771 3087 quae
791 3031 850 3072 non
871 3017 969 3072 solum
992 3034 1109 3092 cogno-

97 3096 235 3163 scendae,
265 3098 316 3152 sed
344 3098 430 3154 etiam
458 3108 487 3152 ct
513 3096 663 3154 faciendae
691 3103 773 3163 sunt,
808 3103 843 3150 ut.
867 3097 1009 3152 virtutem
1043 3117 1109 3156 esse

97 3175 335 3245 amplectendam.
378 3177 438 3234 Hac
459 3176 646 3234 distinctione
667 3176 818 3246 supposita
836 3191 890 3246 pro
912 3180 1107 3248 quaestionis

95 3255 262 3325 propositae
283 3257 458 3312 resolutione

155 3356 183 3410 2.
226 3356 388 3414 Dicendum
404 3359 429 3414 i.
452 3361 612 3431 quemlibet
633 3363 786 3416 veritatem
806 3361 1023 3430 speculativam
1051 3379 1105 3418 na·

97 3435 235 3504 turalem,
263 3451 337 3506 quae
358 3451 394 3490 ex
415 3441 522 3494 etieotie
544 3447 594 3499 aut
613 3439 737 3511 objectis
758 3438 951 3494 sensibilibus
972 3441 1104 3498 deduci·

96 3521 158 3581 tur,
187 3529 272 3582 posse
300 3517 581 3584 coguoscipseorsim
606 3519 643 3574 ab
665 3520 780 3574 bomine
800 3535 852 3592 per
873 3519 951 3576 solas
974 3531 1105 3578 naturae
