2304 3888
367 173 663 226 nu'nsrsuueruurs.
948 165 1010 232 tte

88 295 115 350 3.
152 297 414 356 obseruandum.
435 308 585 370 peccatum
604 301 683 356 illud
703 302 823 374 originis
835 304 957 358 »traduci
978 307 1008 360 ir

31 383 149 444 posteros
161 393 195 432 ex
208 378 316 433 Adami
336 391 477 448 personas
490 376 578 435 uude
592 379 664 436 dicit
673 381 832 450 Apostolus
845 381 869 436 i.
879 385 947 438 'Gon
962 383 1007 440 lb.
1029 398 1032 408 ¹

30 455 148 524 quodie
166 457 269 512 Murro
291 473 381 512 omnes
408 461 565 514 moriautur.
614 460 652 514 Et
677 461 708 513 iu
732 459 864 516 Concilio
883 463 1008 518 'iriden-

30 535 84 588 tino
105 549 188 606 supra
206 537 331 606 dicitnr,
357 537 505 594 ¹isdumum
525 553 584 593 non
605 539 663 594 sibi
684 539 831 606 sclissed
851 542 936 595 ctiam
957 555 1009 613 pc-

27 614 102 668 ueris
114 616 238 687 ⁴grstiuns
258 615 429 688 perdidisse.
453 617 517 672 dx
541 626 598 688 quc
626 621 771 690 sequitur,
800 621 924 690 quodsi
945 622 1008 676 Era

29 702 156 760 peccante
176 695 307 752 Adamas
332 711 390 751 nen
417 705 580 766 peccasset,
609 697 670 769 ejus
697 700 805 768 posteri
832 701 945 754 nullum
970 703 1005 754 ¹iu

26 773 129 844 origine
146 783 296 844 peccatum
318 779 538 832 contraxissent.

72 853 295 908 Observandum
316 854 343 910 2.
374 869 434 910 non
464 857 558 911 solnm
589 857 703 928 aliquos
726 856 837 912 ‘Adami
865 865 1006 928 posteros,

26 929 70 983 scd
93 948 188 989 omnes
215 936 350 1001 omniuo,
378 936 429 1008 qui
450 936 487 992 cb
505 951 542 990 co
562 936 612 990 viu
632 935 781 990 ordinaria
798 943 1022 1009 propagentur„

26 1020 162 1078 proccessu
184 1013 325 1086 originale
344 1016 529 1085 contrahere,
553 1022 585 1068 ut
605 1017 755 1070 manifeste
777 1024 887 1071 constat
907 1031 942 1070 cx
957 1033 1007 1070 an·

27 1089 138 1146 tudiciis.
187 1091 271 1158 Quod
300 1095 432 1163 quamuis
460 1109 559 1149 rernm
588 1095 642 1160 sit,
674 1095 811 1150 Doctores
842 1103 937 1152 tumen
969 1097 1006 1150 ab

26 1168 72 1223 buc
92 1173 218 1242 generali
238 1174 338 1243 regule
352 1175 569 1228 ⁴sanctissimam
591 1171 741 1245 Virginem
763 1175 816 1229 Dei
838 1177 1006 1246 genitricem

25 1246 136 1305 Mariam
161 1253 329 1322 excipiunt,
358 1255 391 1306 de
413 1257 471 1324 'qen
486 1263 601 1324 propter
622 1255 745 1308 lennem
765 1255 876 1308 Domini
894 1253 943 1324 (ut.
962 1257 1006 1309 lo·

25 1329 114 1396 quitur
142 1331 168 1384 S.
191 1331 372 1402 Augustinus
403 1331 457 1386 lib.
490 1332 525 1386 de
545 1331 653 1386 Natura
679 1341 709 1386 et
731 1331 830 1388 Gratia
856 1339 920 1404 esp.
943 1333 1009 1406 cu.)

23 1409 112 1462 saltora
127 1427 256 1478 prorsus,
278 1427 337 1464 essm
358 1411 390 1466 dc
406 1413 528 1482 pcccatis
549 1413 655 1480 opiter,
678 1421 782 1482 oportet
802 1413 900 1468 bebere
921 1431 1007 1485 quae·

22 1490 132 1541 stionem.
175 1490 213 1542 Et
234 1491 366 1560 quamvis
387 1505 473 1560 super
492 1489 554 1546 lrsc¹
568 1507 598 1544 rc
619 1491 694 1544 nihil
715 1491 809 1546 adhuc
823 1493 860 1546 ab
874 1493 1007 1548 Ecclesia

22 1563 161 1623 delinitum
182 1570 284 1635 ureris,
305 1571 366 1627 imo
382 1571 479 1626 sixtus
493 1571 528 1625 V.
550 1572 583 1624 in
604 1573 803 1643 extravaganti
821 1587 906 1642 proce
927 1575 1008 1628 nimir

25 1643 55 1699 de
74 1648 207 1718 reliquiis
228 1655 257 1702 ct
276 1650 461 1704 veneratione
481 1657 644 1704 sanctorum
665 1649 862 1720 prohibuerit,
884 1668 920 1706 ne
942 1655 1008 1723 quis

24 1725 203 1782 affirmantem
226 1735 276 1782 ant
296 1736 446 1799 negantem
467 1735 577 1798 partem
598 1731 771 1785 haereticam
793 1735 1005 1786 essebensestr

25 1815 52 1856 ec·
68 1813 161 1860 tamen
184 1808 341 1875 sententis,
372 1824 444 1878 quoe
466 1809 582 1874 asserit,
608 1810 817 1864 sanctissimum
838 1811 918 1864 illsm
941 1811 1008 1866 Vir-

23 1884 104 1953 ginem
128 1885 165 1938 ab
187 1887 268 1940 omni
288 1888 439 1958 originalis
459 1889 573 1957 peccati
589 1889 656 1942 labe
670 1889 760 1944 inisse
772 1903 889 1959 prorsus
902 1891 1006 1945 imme«

22 1975 90 2032 nem,
113 1965 189 2019 adeo
201 1966 340 2020 ‘unanimi
363 1967 518 2022 Doctorum
541 1965 748 2022 catholicorum
764 1969 828 2022 selo
841 1983 1007 2040 propugne-

23 2047 71 2109 tur,
92 2051 127 2098 nt
147 2043 256 2098 Paulus
267 2045 302 2098 V.
323 2043 460 2100 Pontifex
473 2046 618 2100 Maximus
640 2047 754 2101 decreto
776 2061 828 2101 suc
849 2049 1006 2118 prohibue-

22 2122 64 2188 rit,
83 2140 122 2178 nc
143 2125 210 2193 quis
231 2125 263 2178 in
285 2125 484 2192 concionibus,
507 2125 692 2194 lectionibus,
715 2134 764 2180 aut
784 2127 1006 2196 quibuscunque

23 2202 123 2256 tutibus
150 2201 279 2272 publicis
307 2206 482 2259 contrarium
511 2203 616 2259 audeat
643 2219 776 2259 asserere.
819 2205 917 2272 Quam'
938 2217 1007 2274 pre·-

21 2277 184 2338 hibitionem
206 2281 360 2355 Gregorius
374 2285 436 2339 XV.
460 2281 522 2355 ejus
544 2299 691 2338 successor
711 2285 749 2338 ad
775 2286 891 2353 private
919 2286 1005 2340 etism

23 2360 160 2432 colloquia
181 2362 321 2417 extendit.
362 2363 400 2416 Et
419 2363 496 2418 iuter
524 2361 638 2416 decreta
664 2362 864 2420 nobilissimae
879 2363 1009 2420 scholas

25 2438 192 2495 Serbonicsc
211 2441 291 2498 illud
307 2441 465 2496 observatu
488 2443 607 2512 dignum
619 2449 686 2509 -est,
716 2458 773 2512 quo
793 2443 1007 2498 immaculatam

22 2521 209 2575 unctissimas
231 2521 375 2590 Deipcrse
396 2523 617 2591 'conceptionem
637 2522 802 2594 impugnari
824 2539 841 2576 s
860 2523 919 2576 suis
940 2537 1007 2592 pre·

21 2595 123 2668 hibuit,
150 2598 210 2654 imo
231 2601 329 2670 potius
351 2601 387 2654 ab
409 2601 470 2655 illis
491 2611 666 2672 quecunque
684 2601 751 2654 data
772 2603 921 2657 ocossione
941 2617 1008 2670 pro·

21 2679 135 2749 pugnari
157 2685 186 2732 et
207 2677 334 2734 stabiliri
354 2681 464 2747 voluit,
493 2688 522 2734 et
542 2679 579 2734 ad
600 2681 681 2738 illius
703 2681 810 2736 decreti
832 2680 1007 2736 observatio-

23 2769 73 2811 nem
98 2773 148 2814 eos
166 2757 357 2828 jureiursndc
378 2760 522 2829 peculiari
544 2759 709 2814 obstrinxit.
750 2761 785 2814 In
806 2775 864 2830 quc
885 2766 913 2814 et
926 2768 1007 2814 suum

22 2831 44 2887 in
56 2836 167 2891 tuenda
178 2836 310 2908 Virginis
328 2838 530 2894 immaculatae
551 2838 691 2910 dignitate
713 2841 848 2908 pietatem
871 2839 1008 2907 ostendit,

22 2915 195 2971 comnibus
216 2917 283 2970 aliis
304 2919 395 2972 iucem
416 2918 555 2988 praetulit
576 2918 614 2972 ad
634 2919 667 2972 id
687 2917 901 2988 praestandum.

233 3187 236 3196 .
315 3095 675 3201 ⁴euersum.
774 3170 778 3178 -

154 3255 247 3330 'Quid
272 3259 316 3354 sit
340 3261 471 3332 proprie
495 3264 670 3361 peccatum
693 3251 862 3332 cauneis.

71 3387 98 3443 1.
142 3387 274 3444 Obscura
301 3399 329 3445 et
357 3391 488 3446 diiilcilis
517 3400 559 3447 est
587 3393 656 3446 haec
685 3393 831 3463 quaestio,
860 3391 1008 3462 siquidem

22 3459 58 3534 (ut
78 3473 156 3524 recte
178 3467 256 3523 dixit
277 3469 303 3524 S.
326 3471 505 3542 Augustinus
526 3470 580 3525 lib.
598 3469 623 3525 1.
648 3468 683 3526 dc
712 3470 841 3526 moribus
861 3469 1015 3526 Ecclesiae

21 3557 74 3616 etp.
91 3545 156 3618 22.)
183 3549 253 3602 atttt
278 3557 317 3604 cst
336 3559 451 3620 peccate
472 3551 602 3622 originali
623 3552 664 3607 cd·
674 3551 892 3621 medicandum
911 3551 1007 3605 cotim
