2332 3880
265 821 822 971 insatiata

385 1028 704 1142 nquexpnuur

110 1195 200 1284 qn·
228 1195 284 1266 att
310 1193 433 1286 hujus
460 1195 597 1286 aperta
621 1211 789 1288 saunas,
815 1193 981 1288 quodve

324 1303 508 1378 antheus
542 1303 765 1376 eonsilium.

464 1507 626 1518 *nn——

110 1651 191 1746 Cum
215 1679 300 1746 inter
320 1678 455 1767 plurima
477 1687 508 1744 et
529 1680 684 1762 maxima,
713 1699 795 1766 quas
821 1679 949 1766 propria
970 1685 1045 1742 suut

56 1757 228 1830 Saeardotis
249 1783 398 1845 munera,
424 1761 504 1828 illud
525 1763 559 1828 iu
579 1763 689 1850 primis
709 1774 928 1843 reuenseatur,
957 1759 1044 1848 quud

56 1846 139 1924 (sieut
166 1846 246 1912 olim
274 1867 332 1934 per
358 1843 422 1912 Pro
445 1846 551 1910 hetam
574 1845 705 1909 sancivit
732 1845 821 1910 Deus
842 1843 977 1910 Malaeh.
999 1848 1043 1926 2.)

56 1925 224 1996 doctrinam
245 1929 326 2015 legis
347 1928 386 1994 ab
410 1929 417 1943 '
444 1929 492 1994 ins
514 1950 570 1994 ora
612 1927 726 2026 opulus
742 1949 778 1994 re
801 1928 904 1994 uis-era
919 1927 1044 2010 debeat,

54 2010 183 2100 ideoque
216 2021 264 2089 (ut
295 2008 328 2080 S.
356 2010 540 2110 LeuPapa
566 1951 666 2077 etiixit
693 2033 743 2100 sp.
809 2019 830 2093 .)
860 2011 982 2078 inscitia
1010 2010 1045 2076 in

55 2090 273 2162 Sacerdotibus
293 2114 353 2160 nea
374 2104 576 2159 excusatione
597 2094 694 2180 digna
714 2095 754 2158 sit
768 2116 828 2160 naa
842 2095 950 2177 venia,
972 2113 1045 2158 eum

53 2177 102 2242 illa
123 2185 172 2258 (nt
185 2177 322 2242 habetur
335 2177 369 2242 iu
384 2174 506 2244 concil.
521 2177 623 2244 Tolet
638 2182 669 2245 4.
692 2199 760 2266 cap.
773 2181 836 2258 et.)
859 2185 1045 2242 cunctorum

55 2281 192 2327 errorum
213 2270 328 2343 mater,
359 2263 422 2326 imo
442 2261 680 2326 innumerorum
709 2283 808 2350 prope
828 2259 984 2325 malorum
1010 2259 1045 2324 in

54 2341 192 2410 Ecclesia
220 2343 312 2408 radix
340 2343 380 2407 sit
408 2353 439 2408 at
460 2343 567 2430 origo:
595 2343 670 2409 inde
696 2343 805 2408 inferri
832 2352 951 2430 potest,
982 2363 1046 2426 qua

53 2428 170 2493 ratione
195 2426 259 2506 illi,
312 2447 370 2491 uos
399 2427 432 2490 in
460 2435 578 2492 sortem
605 2446 693 2490 suam
716 2424 860 2492 Chiistus
888 2423 1046 2490 Dominus

55 2510 162 2596 elegit,
192 2519 225 2575 et
252 2531 367 2606 quius
394 2507 544 2591 docendi,
573 2509 772 2596 ducendique
800 2507 878 2573 alios
907 2507 1046 2572 offitium

53 2594 222 2675 commisit,
250 2591 411 2658 scientiam
431 2591 521 2656 illam
542 2591 667 2657 divinae
687 2591 768 2678 legis
787 2613 852 2658 nou
873 2589 976 2655 solum
998 2611 1045 2656 aa·
1151 2631 1152 2646 κ

54 2674 122 2743 dulo
153 2675 303 2762 adipisci,
333 2675 391 2740 aed
418 2685 450 2740 et
477 2675 622 2762 adeptam
653 2675 786 2740 sollicite
816 2671 973 2739 custodire
1001 2682 1046 2738 te-
1151 2705 1152 2710 ¹

52 2771 194 2824 nemius.

108 2842 203 2921 Quae
231 2863 302 2906 eum
323 2841 367 2906 ita
393 2862 429 2906 sa
445 2841 599 2923 habeant,
627 2841 822 2930 experientia
841 2839 1046 2906 nihilominus
1151 2879 1152 2882 =

52 2925 120 2989 satis
141 2925 310 2990 manifesta
330 2934 528 3022 eoinpertum
548 2935 611 3006 est,
633 2923 787 3010 plurimos
814 2945 974 2989 sacrorum
997 2945 1046 2986 or·
1151 2957 1152 2964 κ

52 3005 157 3074 diuum
181 3007 363 3074 charactere
383 3007 549 3093 insignitos
570 3007 695 3072 divinae
716 3007 802 3072 illius
822 3007 969 3072 scientiae
983 3015 1047 3069 stu-

54 3088 135 3156 dium
156 3091 213 3156 vel
233 3091 362 3156 omnino
384 3089 521 3175 abjicere
528 3137 538 3173 ,
560 3090 613 3155 vel
634 3089 661 3154 si
681 3113 781 3156 annos
800 3090 921 3178 aliquot
941 3089 975 3152 in
990 3087 1046 3153 ilio

54 3171 256 3260 impendunt,
278 3173 341 3238 illis
362 3171 412 3238 ela
435 3173 491 3254 sis,
513 3174 662 3238 continuo
682 3171 781 3238 libros
802 3172 973 3260 asscripta
994 3170 1047 3236 de·
1151 3235 1152 3248 ,

54 3276 186 3340 ponere,
210 3266 242 3321 et
263 3279 372 3336 eurum
393 3196 586 3322 oilivionam
603 3256 755 3344 paulatim
769 3257 946 3335 insumere,
970 3276 1047 3340 quo·

1150 3283 1152 3340 i

54 3357 118 3404 rum
140 3339 359 3427 cognitionem
380 3339 439 3404 sibi
460 3361 526 3404 uon
547 3340 616 3404 sine
635 3339 744 3406 labore
759 3345 1026 3425 comparaverant.
1150 3391 1151 3406 ,

109 3421 238 3488 Idsimo
262 3421 448 3510 quibusdam
468 3432 625 3520 spectatae
646 3423 769 3488 virtutis
790 3421 866 3486 viris
884 3441 941 3518 .⁸.⁰
961 3420 994 3482 in
1009 3439 1047 3482 eo
1150 3423 1151 3474 1

56 3503 216 3573 doetrinae
237 3526 356 3593 genera
376 3505 593 3572 versanssimis
614 3505 717 3570 visum
737 3511 800 3587 ast,
824 3467 927 3568 enimi
949 3521 1049 3563 sacer-
1083 3573 1085 3579 Ι

1148 3489 1151 3642 i
