2304 3888
142 115 206 185 Μ
499 135 537 178 us
554 133 781 182 uniuersam.

143 257 283 330 ardenar
302 264 435 326 sceptiana
456 255 489 309 de
508 254 597 320 Jadc,
626 271 676 310 aee
694 257 750 310 dra
771 257 924 326 desertiora
948 259 1009 326 ejas,
1035 259 1106 312 mooe

144 337 247 400 ueniat,
279 337 325 406 qai
351 335 494 388 mittendas
522 344 573 402 eat,
610 344 635 390 et
663 336 721 406 iprae
749 337 800 390 erit
836 339 979 406 expectatio
1000 339 1107 406 paena.

145 415 208 470 Hoc
228 419 286 481 est,
308 429 366 468 non
388 411 509 470 deerunt
528 429 626 486 reges,
655 413 760 482 duces,
788 416 964 487 legislatores
991 415 1022 470 de
1046 415 1109 470 tribu

146 493 242 562 duda,
271 493 363 548 donec
390 495 496 550 veniat
517 493 655 550 Christus.
698 491 791 565 Atqui
807 494 981 566 jampridem
1001 495 1110 549 videmur

146 574 244 630 nullos
267 573 394 650 amplius
414 588 510 650 reges,
537 571 634 631 nullos
655 572 762 652 duces,
789 574 886 638 nullos
906 575 1068 650 legislatores
1085 573 1111 626 de

147 649 227 710 tribn
248 650 342 721 Juda,
363 647 429 708 imo'
443 668 496 708 uec
517 650 562 725 de·
574 651 636 708 ulla
656 653 715 709 alia
736 651 815 710 tribu
835 655 912 710 iuter
925 653 1057 721 Judae'os3
1075 651 1113 706 sed

148 749 246 790 omnes
266 733 382 802 penitus
404 731 559 799 defecisse,
581 730 671 803 idque
692 731 731 788 ab
753 735 836 788 annis
857 734 939 789 mille
954 735 1080 806 sexcentis
1095 737 1115 784 et

148 813 303 886 amplius,
320 811 426 882 quibua
453 811 560 868 ,ludaei
576 827 639 882 -per
666 810 765 866 orbem
786 813 994 884 vagantum-'et
1012 813 1114 867 aliarum

149 893 276 964 gentium
299 891 382 961 quasi
401 897 558 962 perpetuae
579 891 714 944 servituti
735 893 894 962 mancipati
915 902 989 948 sunt.
1019 893 1116 948 Consta

147 978 296 1042 praeterea
317 967 410 1040 (quod
430 971 661 1026 etiammaxime
683 969 894 1039 observandum
910 973 974 1044 est),
994 971 1115 1026 Christum

149 1049 304 1106 Dominum
326 1057 424 1103 natum
446 1065 508 1104 esse
529 1051 606 1106 eirca
626 1047 704 1104 illud
725 1057 852 1119 tempus,
883 1067 941 1122 quo
965 1052 1039 1124 regia
1055 1057 1116 1120 pote

149 1137 207 1184 etas
225 1145 246 1183 a
266 1127 388 1184 iudaeis
410 1127 508 1182 ablata
528 1137 583 1196 est,
604 1143 669 1184 cum
692 1129 819 1185 Herodes
840 1131 1001 1202 alienigena
1020 1125 1116 1186 dudaiei

149 1209 233 1280 regni
253 1216 398 1278 sceptrum
418 1207 534 1264 invasit

211 1286 374 1342 Secundum
396 1288 591 1345 testimouium
606 1301 650 1340 'ex
672 1287 803 1342 Danielis
825 1303 887 1358 cap.
905 1287 936 1342 9.Ι
954 1291 1064 1359 petitur,
1081 1284 1117 1338 obi

149 1367 279 1438 Angelus
295 1365 414 1422 Gabriel
434 1367 579 1436 praedicit
593 1365 738 1422 Christum
758 1375 824 1438 post
838 1369 1020 1440 septuaginta
1031 1365 1115 1420 hebde

149 1445 247 1500 mades
267 1458 329 1500 csse
349 1453 517 1514 venturam,
540 1453 568 1500 et
589 1445 744 1514 aiudaeis
763 1447 973 1515 decidendum,
996 1454 1024 1502 et
1036 1443 1117 1500 exinde

150 1525 298 1580 civitatem
325 1525 485 1580 Jerusalem
513 1524 713 1592 evertendam,
742 1534 770 1580 et
797 1527 939 1596 populum
965 1525 1116 1584 Judseorun

150 1603 369 1674 dissipandum,
391 1611 420 1658 at
441 1605 602 1660 vastitatem
623 1604 685 1676 ejus
707 1621 741 1660 ao
755 1605 962 1664 desolationem
977 1606 1117 1662 duratnrsn

148 1685 293 1755 usquein
315 1683 424 1738 saeculi
446 1685 546 1750 duem,
576 1699 648 1754 quae
677 1685 775 1742 omnia
801 1686 945 1756 completa
970 1699 1032 1740 esse
1050 1681 1118 1738 mani-

149 1761 253 1818 festum
275 1769 326 1816 est.
370 1761 569 1818 Hebdomades
591 1765 667 1818 enlm
688 1763 759 1818 illae
780 1763 983 1836 intelliguntur
1006 1779 1058 1818 non
1076 1760 1117 1813 die·

150 1857 229 1907 ram,
258 1841 309 1896 sed
333 1856 490 1910 annorum3
520 1842 699 1913 quod‘apud
719 1843 846 1900 ludaeos
867 1853 1034 1899 transactum
1053 1842 1117 1896 luisse

149 1933 187 1980 tx
207 1921 301 1975 Levit.
324 1935 387 1991 oap.
402 1921 449 1976 25.
474 1921 630 1993 colligitur.
671 1923 741 1977 Illas
763 1930 857 1978 antem
879 1923 967 1978 tuisse
987 1921 1118 1992 compleat

150 2013 184 2055 eo
212 2006 355 2070 ternpore,
385 2001 593 2072 quaeritatur
620 2003 732 2058 occisas
754 2011 812 2069 eat,
842 2005 903 2056 tuse
924 2003 1048 2072 probant
1065 1997 1117 2054 scri·

147 2086 250 2151 pturae
270 2081 442 2150 interpretes
463 2095 549 2150 super
573 2080 658 2135 illum
680 2079 811 2135 Danielis
832 2081 939 2136 locum.
975 2081 1118 2138 Vastitaten

150 2167 245 2215 antem
267 2160 393 2214 civitatis
415 2167 443 2214 et
463 2160 581 2229 templi,
611 2167 639 2214 et
659 2160 837 2217 ludaeorum
866 2153 1117 2232 dissipationemab

149 2239 203 2294 illc
225 2247 352 2310 tempore
373 2254 426 2309 per
447 2247 489 2294 tot
509 2239 625 2294 saecula
647 2238 764 2296 durasse
785 2241 856 2294 satis
878 2250 1052 2314 compertum
1067 2242 1104 2291 est.

481 2437 711 2530 sucuro
752 2463 855 2528 tv..

168 2584 342 2660 Quomodo
368 2589 485 2672 uelem
509 2589 768 2731 ruffinae&
791 2592 908 2648 eonas
933 2589 1107 2667 mustene

217 2785 243 2842 i.
286 2789 364 2844 luter
382 2789 524 2858 plurimas
545 2789 692 2858 haereses,
720 2805 796 2860 ¹quae
822 2791 1031 2847 incarnationis
1052 2781 1120 2841 don'r

153 2869 236 2923 nicae
257 2869 407 2924 veritatem
429 2870 650 2942 impugnarunt,
673 2869 754 2923 *duae
781 2872 954 2940 praecipuae
983 2867 1119 2926 satiarunt

153 2945 283 3016 adquae
305 2949 433 3019 reliquae
454 2963 552 3004 omnes
573 2950 672 3020 aliquo
694 2948 787 3021 modo·
800 2958 922 3019 possunt
943 2947 1077 3010 revocari,
1096 2951 1118 2992 tt

153 3025 277 3096 preinde
304 3028 335 3080 in
364 3043 486 3098 quarum
514 3029 685 3086 refutatione
712 3035 888 3084 caeterarum
917 3029 1026 3084 falsitas
1055 3018 1118 3078 facile

152 3104 262 3176 poterit
282 3109 407 3177 agnosci.
732 3127 734 3132 ·
878 3135 879 3144 κ

175 3209 176 3214 1
213 3183 311 3238 Prima
327 3185 383 3239 fuit
396 3186 575 3256 Eutychetis,
598 3187 649 3256 qni
669 3185 814 3242 asserebat
833 3194 899 3256 post
917 3182 1117 3242 incarnationem

152 3260 245 3316 Verbi
266 3261 361 3318 divini
380 3280 467 3318 unam
489 3273 599 3323 tantum
619 3267 652 3320 in
673 3265 787 3321 Christo
808 3268 977 3324 remansisse
1004 3269 1118 3318 naturam>

155 3355 275 3412 eamque
292 3341 401 3403 'factam
422 3357 483 3399 esse
503 3361 540 3398 ex
562 3345 714 3400 divinitate
729 3353 767 3402 at
793 3360 890 3402 carue.
902 3362 958 3417 ‘per
985 3335 1117 3402 consensit

154 3435 220 3474 neta
240 3420 334 3490 ipsius
354 3419 520 3477 divinitatis
540 3425 571 3478 in
596 3441 728 3493 earnem,
756 3433 808 3480 aut
833 3441 886 3496 per
914 3422 1118 3482 commixtionem

151 3499 310 3569 utriusque.
353 3490 511 3556 deserebat
529 3512 687 3576 praeterea,
710 3503 894 3563 divinitatem
908 3507 998 3563 Verbi
1012 3489 1118 3558 aomo(1⁰
