2324 3886
408 121 422 142 t
476 100 514 144 nr
529 99 594 147 nro.
976 29 1036 154 iii

46 219 119 290 lorge
141 221 310 288 perfectiori
330 227 359 274 at
379 220 580 285 eminentiori;
602 219 812 280 considerando
833 223 925 290 iiiam,
946 233 1034 294 prout
1133 208 1137 217 ¹

46 297 177 352 abstrahit
193 299 230 352 ab
246 299 379 354 omnibus
393 298 536 354 humanae
552 297 687 369 justitiae
706 299 936 371 conditionibus,
957 319 1032 374 quac

45 377 94 432 bea
120 380 244 432 minime
272 378 465 443 conveniunt,
503 386 530 432 et
561 378 635 434 dicit
662 379 791 449 aliquem
818 382 850 438 ic
879 383 939 438 Deo
966 397 1031 452 per-

41 457 207 523 fectionem,
242 473 317 528 quae
351 457 509 512 meandum
540 465 668 514 nostrum
700 459 885 528 concipiendi
915 453 1043 521 modnn'

44 537 215 590 voluntatem
237 536 299 608 ejus
322 537 437 609 dirigit,
467 545 526 592 tum
548 539 578 592 in
602 537 806 594 distributione
826 542 1033 613 praemiorum,

44 619 185 684 supposito
208 624 355 672 creaturae
375 631 428 686 per
448 617 542 686 ipsius
560 617 614 673 Dei
636 617 756 688 gratiam
777 619 894 687 merito,
917 625 979 676 tum
993 622 1032 676 vin

43 695 196 752 indictione
217 711 399 772 poenarump
414 697 565 766 supposito
586 695 715 767 ejusdem
736 705 884 754 creaturae
900 713 953 768 per
966 715 1034 770 pro»
1079 725 1082 736 ·

43 775 124 841 priam
146 777 328 832 voluntatem
349 783 477 845 peccato.

92 871 118 924 4.
144 872 309 927 Dicendum
326 872 352 926 t.
376 875 406 926 in
429 874 489 926 Deo
511 887 573 927 esse
594 874 911 929 misericordiam.
950 895 952 900 ’

75 969 155 1026 ,Hoc
175 977 258 1040 patet
279 969 414 1024 similiter
428 985 465 1024 ex
481 971 651 1039 scripturis,
675 984 747 1039 quae
767 968 878 1042 ubique
901 967 1032 1026 divinam

43 1047 206 1113 praedicant
227 1049 466 1104 misericordiam.
509 1050 555 1102 Ps.
570 1047 619 1102 88.
645 1049 852 1103 Misericordiae
872 1047 988 1104 Domini
1004 1052 1033 1104 ira

45 1136 170 1182 oeternum
192 1130 316 1184 cantabo.
360 1129 466 1184 Thron.
480 1127 507 1182 3.
530 1129 738 1182 Misericordiae
753 1129 871 1195 Domini,
894 1133 959 1201 quio
979 1137 1035 1202 nou

46 1222 124 1260 urnas
150 1211 309 1279 conrumpit.
357 1208 395 1261 Et
420 1209 493 1262 haee
519 1205 639 1278 proprie
663 1208 694 1260 in
716 1208 777 1262 Deo
805 1209 969 1278 invenitur,
1000 1217 1033 1266 ut

44 1283 115 1340 docet
136 1291 164 1342 S.
189 1287 317 1342 Thomas
338 1302 426 1358 supra
447 1295 498 1340 art.
516 1289 542 1341 3.
565 1303 622 1343 non
646 1285 764 1358 quidem
785 1289 943 1344 secundnm
967 1301 1033 1359 pat-

46 1365 123 1420 sionis
152 1369 304 1438 affectum,
334 1367 384 1420 sed
409 1367 566 1422 seeundum
589 1367 728 1421 effectum.
772 1367 857 1423 Unde
879 1370 907 1423 S.
929 1370 1033 1426 Ansel-

44 1459 97 1497 nus
115 1447 146 1499 in
169 1447 281 1501 Prosol.
304 1461 367 1516 cap.
385 1446 431 1500 10.
460 1447 618 1501 Misericors
647 1463 688 1509 es,
720 1464 771 1498 aon
803 1451 867 1518 quio
895 1457 923 1502 tu
949 1451 1034 1504 sentit

47 1525 172 1591 affectum,
195 1528 245 1582 sed
266 1527 331 1597 quia
351 1543 400 1580 nos
420 1528 548 1580 sentimus
570 1527 699 1596 effectum.

97 1621 239 1676 Observat
266 1631 361 1678 nutem
387 1631 461 1676 reete
484 1625 510 1677 S.
534 1623 641 1698 Ductor
661 1638 750 1692 supra¹
771 1633 823 1678 art.
838 1623 865 1678 4.
887 1627 919 1678 in
941 1625 1034 1682 omni·

48 1697 92 1752 bus
104 1701 156 1756 Dei
172 1702 311 1774 operibus
333 1702 563 1759 misericordium
584 1701 646 1774 ejus
668 1709 697 1756 et
712 1703 858 1775 justitiam
881 1705 968 1758 simui
989 1706 1035 1760 in-

51 1781 136 1834 veniri.
181 1778 267 1838 Unde
291 1783 363 1836 dicit
383 1784 414 1836 in
444 1798 570 1851 respons.
599 1783 637 1839 ad
661 1783 685 1836 1.
715 1784 802 1838 etiam
830 1785 861 1837 in
891 1783 1039 1840 damnatis¹

49 1861 155 1926 reperiri
176 1862 307 1932 aliquam
329 1862 383 1918 Dei
404 1861 646 1932 misericordiam,
673 1880 732 1918 non
761 1858 879 1934 quidem
906 1865 1035 1921 totaliter

51 1937 230 2008 relaxantem,
261 1939 311 1996 sed
333 1941 502 2014 aliqualiter
528 1941 744 2013 sublevantem
772 1943 827 1998 hoc
856 1952 914 2012 est,
944 1941 1032 2014 quod,

50 2028 101 2070 cum
121 2020 198 2076 Deus
216 2019 296 2091 justo
316 2021 408 2090 possit
429 2019 627 2076 acerbioribus
649 2021 866 2092 adhuopoenis
889 2038 937 2078 cos
960 2017 1034 2076 asili-

53 2109 119 2164 gerc,
139 2099 172 2153 id
193 2107 289 2154 tamen
313 2117 349 2155 ex
369 2099 571 2156 misericordia
592 2117 649 2156 non
672 2103 757 2168 facit,
780 2101 830 2158 scd
851 2118 899 2158 eos
920 2116 1035 2172 semper
1073 2165 1077 2168 ,

53 2173 111 2229 citra
131 2179 305 2250 condignum
326 2182 420 2250 punit.
458 2175 462 2185 “

369 2333 607 2452 suerro
643 2383 700 2468 vr:

66 2506 111 2566 An
126 2514 169 2570 sit
186 2515 222 2570 tn
239 2513 311 2572 Deo
329 2498 555 2585 providentia,
573 2513 607 2572 at
624 2511 672 2571 ad
687 2477 775 2586 qnae
794 2526 832 2570 aa
849 2513 1017 2576 abundat
1053 2498 1055 2504 ¹

102 2641 125 2694 1.
147 2643 270 2700 Nomine
290 2643 566 2716 providentiae
587 2645 779 2718 intelligimus
800 2645 849 2702 hia
869 2652 965 2698 actum
983 2645 1036 2700 ali·

57 2731 124 2784 quem
146 2732 205 2779 tum
226 2725 391 2780 intellectus
413 2731 474 2778 turn
495 2725 653 2780 voluntatis
675 2726 745 2792 Dei,
768 2741 824 2796 quo
842 2725 905 2796 ipse
920 2719 1037 2778 ordinat*

58 2805 77 2848 et
94 2799 188 2875 dirigit
208 2820 252 2858 res
274 2812 382 2881 creatas
403 2807 435 2858 in
460 2820 525 2858 suos
554 2807 624 2858 finos
655 2805 864 2875 particulares,
894 2819 926 2857 ao
954 2817 1038 2876 prae-

60 2879 138 2936 sertim
158 2885 190 2937 in
211 2885 298 2943 finem
320 2885 448 2938 omnium
470 2885 622 2952 ultimum,
645 2886 696 2955 qui
717 2891 759 2939 est
773 2887 836 2956 ipse
851 2883 937 2938 Deus.
974 2883 1036 2938 Huc
1068 2909 1071 2914 Δ
1142 2957 1143 2964 ¹

60 2965 189 3028 supposito

107 3040 337 3116 Dicendumest
360 3059 385 3114 1.
417 3061 459 3115 in
477 3061 536 3116 Deo
568 3052 628 3114 esse
659 3059 873 3130 providentiam
906 3066 1038 3133 respectu

65 3136 171 3194 amrium
192 3155 286 3194 rerum
309 3148 477 3218 creatarum.
507 3139 559 3194 Est
580 3137 616 3194 de
636 3137 713 3194 Fide.
774 3205 776 3210 Ι

76 3305 79 3313 Ι
107 3228 241 3290 Probatur
259 3235 283 3288 1.
306 3236 498 3304 expluribus
521 3237 684 3306 Scripturas
699 3281 701 3286 .
715 3237 799 3292 iocis.
840 3239 905 3306 Sap.
928 3234 956 3292 8.
985 3233 1038 3290 Aa

65 3310 125 3373 'miii
149 3329 165 3366 u
181 3317 241 3386 Jiue
269 3317 306 3370 cd
324 3317 411 3385 finem
432 3316 562 3386 fortiter,
595 3325 621 3373 et
648 3317 766 3386 disponit
794 3318 883 3372 amaia
908 3316 1037 3369 suaviter.

65 3378 151 3458 btcap.
163 3392 206 3448 14.
236 3395 301 3460 Tuo,
314 3397 406 3460 Pater,
415 3395 592 3464 procidentia
602 3405 697 3450 cancta
706 3396 849 3464 pubescat.
864 3397 893 3449 S.
900 3393 1000 3453 Matth.
1011 3393 1040 3448 6.

68 3457 177 3535 Rtipt'rite
197 3475 319 3531 vobridio
340 3476 423 3541 coci,-
451 3477 579 3547 quonium
602 3492 655 3532 aon
685 3485 790 3539 seruat,
820 3490 905 3612 '²5an
931 3479 1040 3534 metuat,

1141 3373 1143 3420 i
