2324 3886
117 167 180 234 100
500 225 504 232 ,
544 131 596 228 ιυι
610 183 678 228 nro.
710 145 720 160 ”

184 306 243 360 linc
269 306 365 375 posito
391 303 431 360 sti
458 303 597 376 mojorem
624 301 798 375 obiectiosis
822 301 1052 372 propositionem
1072 317 1113 356 re-

121 384 281 457 spondetur
301 399 367 440 oum
388 383 589 451 distinction03
612 397 678 438 cum
699 381 776 436 enim
796 383 829 438 in
842 395 876 436 ea
890 381 1006 449 dicitnr,
1027 379 1113 448 illud,

120 463 204 536 qaod
231 464 308 520 Deus
336 463 493 534 praescivit
512 461 677 518 feriendum
698 475 716 515 a
736 459 953 527 censuimus,
982 461 1049 534 tisri
1068 476 1115 514 nc·

122 544 248 600 cessario
277 543 401 604 deberes
425 545 451 598 si
478 542 514 597 tle
542 543 712 598 necessitate
739 539 924 598 antecedente
951 555 1047 598 sermo
1071 542 1116 606 sit,

122 631 261 695 negatur3
290 625 315 680 si
342 623 378 678 de
398 628 607 694 consequente,
629 619 808 678 conceditur.
848 620 957 674 Verum
976 619 1051 674 haee
1070 635 1118 674 ne·

122 701 242 760 cessitas
261 701 310 774 (nt
328 718 382 774 por
401 717 432 758 se
452 699 547 773 patet)
566 702 649 756 nullo
670 701 756 756 modo
778 699 907 756 libertati
924 697 1116 771 prsejrsdiost,

122 799 189 840 cnm
210 783 276 840 ideo
297 791 408 838 tentum
423 781 538 853 aliquid
552 779 718 838 iaciendum
730 781 892 836 necmsario'
910 777 1028 846 (licitur,
1051 781 1119 852 quia

124 878 155 919 re
181 877 250 918 vers
278 865 341 929 net,
371 861 440 916 licet
465 861 557 918 libere
577 863 643 927 tlst3
665 861 741 916 sicut
761 858 798 916 os
818 873 869 926 ec,
898 857 977 929 qnod
991 857 1059 929 jam
1080 860 1120 912 fa·

122 950 202 998 mum
223 950 280 1009 est,
300 947 396 1011 petest
416 941 493 1008 (lici,
515 939 595 1011 quod
612 941 777 996 necessario
798 940 904 994 lactum
918 944 975 1005 est,
996 939 1055 994 hoc
1069 945 1120 1004 est,

124 1021 204 1094 quod
224 1021 288 1076 tleri
309 1036 367 1076 nou
388 1029 484 1092 potest
502 1021 574 1090 quin
595 1020 703 1078 lactum
723 1020 776 1087 sit,
806 1019 937 1089 quamvis
962 1018 1059 1074 libere
1082 1019 1123 1072 ia·
1155 1059 1156 1092 ,

125 1111 203 1157 ctum
229 1102 275 1156 sit

460 1243 528 1312 SE
543 1241 691 1312 OTIO
729 1245 788 1310 IV.

129 1368 133 1373 “
233 1369 288 1430 An
314 1371 406 1430 Deus
434 1373 617 1444 commeat
638 1371 752 1429 lutura
775 1371 1015 1430 munitiones.

187 1501 213 1556 l.
255 1503 312 1558 illa
333 1502 470 1558 dicuntur
490 1502 703 1570 conditionata,
733 1519 807 1574 quae
834 1505 949 1573 reipsa
969 1517 1123 1574 nunquam

126 1583 265 1650 existent,
289 1581 339 1638 scil
361 1591 471 1652 tamen,
494 1597 567 1653 quae
588 1582 681 1637 libere
695 1583 866 1650 existerent,
888 1583 921 1638 io
935 1589 992 1650 est,
1016 1582 1055 1636 ab
1072 1576 1153 1636 ali-‘

124 1677 184 1734 qne
203 1675 302 1719 cansa,
311 1662 406 1719 libera
426 1663 542 1729 tierent,
563 1663 590 1718 si
605 1669 683 1718 certa
696 1663 797 1733 alique
811 1661 940 1717 conditio
954 1669 1124 1732 poneretur.

124 1740 163 1796 Et
183 1741 219 1796 (lc
240 1740 349 1794 talibus
371 1741 533 1812 quaeritur,
562 1757 600 1796 an
622 1742 699 1796 Deus
728 1743 825 1798 lutura
846 1743 902 1796 illa
921 1739 1126 1796 conditionata

128 1827 290 1892 cognoscat

187 1915 342 1971 litantem
364 1931 411 1984 ea,
435 1931 508 1988 quae
531 1915 656 1972 (licendo
676 1925 758 1985 sunt,
780 1918 887 1974 clarius
908 1914 1128 1990 intelligantur,

127 1995 351 2066 supponendum
372 2003 430 2064 cst,
459 1996 553 2068 quod,
584 1998 654 2052 licet
674 1998 796 2052 scientia
817 1997 872 2052 Dei
893 1997 982 2052 sitin
1003 2011 1035 2051 se
1058 1998 1130 2052 sinn-

125 2075 305 2146 plicissima,
335 2083 364 2130 et
383 2077 507 2131 maxime
528 2093 602 2146 nna,
630 2072 821 2133 nihilominus
847 2075 1005 2134 secundnm
1029 2075 1131 2132 diver-

127 2169 188 2210 sam
208 2153 426 2224 habitudinem,
449 2153 535 2226 quim
557 2157 737 2226 concipimus
758 2155 864 2214 habere
880 2153 918 2210 ad
931 2171 983 2210 sua
996 2155 1128 2227 objecta,

126 2235 318 2291 communiter
338 2251 356 2289 a
377 2235 532 2308 Theolcgis
554 2235 650 2290 dividi
670 2237 750 2290 solet'
763 2235 795 2290 in
817 2251 896 2303 eam,
919 2249 991 2308 qnae
1014 2235 1130 2291 dicitur

126 2315 248 2368 scientia
269 2315 412 2384 simplicis
434 2315 662 2388 intelligentiae,
689 2323 718 2370 et
738 2309 817 2383 eam,
840 2329 912 2386 quae
934 2315 1061 2370 scientia
1085 2317 1131 2370 vi·

127 2394 217 2449 sionis
239 2395 412 2466 appelletur.
579 2397 586 2407 '
895 2391 898 2400 ¹

186 2492 315 2546 Scientia
332 2489 466 2546 ‘visionis
495 2491 601 2548 dicitur
630 2507 678 2560 es,
708 2507 765 2562 qua
789 2489 867 2548 Deus
896 2483 1047 2562 cognoscit
1071 2509 1128 2559 res,

126 2585 200 2640 quae
220 2571 252 2624 in
274 2569 373 2641 aliqua
395 2571 557 2626 differentia
577 2571 714 2641 temporis
732 2571 917 2647 existentiam
930 2569 1051 2638 hebent,
1079 2571 1130 2628 vel

124 2647 303 2717 habuerunt,
327 2655 376 2706 aut
395 2649 548 2725 habiturae
570 2658 645 2706 sunt.

186 2746 313 2803 Scientia
339 2762 407 2802 vero
434 2746 578 2816 simplicis
606 2747 816 2820 intelligentiae
844 2753 903 2814 est,
932 2760 989 2817 qua
1019 2762 1132 2818 cogno·

125 2825 182 2880 scit
203 2841 246 2882 res
267 2841 382 2895 omues,
410 2825 632 2898 quoquomodo
661 2841 724 2887 esse
749 2827 878 2896 possint,
907 2827 968 2880 sive
996 2839 1029 2880 rc
1058 2828 1132 2897 ipsa

126 2903 285 2974 aliquando
307 2906 419 2986 futurae
440 2907 519 2974 sint,
536 2908 599 2962 sive
619 2923 686 2966 non.

187 2999 264 3056 Haec
283 3009 405 3074 utraque
424 3004 549 3058 scicntia
568 3005 636 3058 aliis
657 3002 824 3060 nominibus
845 2999 1004 3073 aliquando
1021 3005 1133 3072 appel-

58 3087 60 3096 '
125 3081 210 3136 latur.
250 3081 380 3136 Scientia
401 3084 479 3140 enim
493 3083 637 3152 simplicis
651 3083 862 3154 intelligentiae
876 3081 984 3136 dicitur
998 3082 1133 3138 scientie

125 3159 305 3224 necessaria,
334 3163 404 3230 quia
431 3163 502 3217 tisri·
520 3177 579 3217 nou
606 3169 717 3234 potest,
749 3163 822 3232 quin
844 3167 990 3216 crenturae
1012 3172 1130 3228 omncs,

126 3245 259 3308 respectu
281 3239 398 3294 divinae
414 3243 656 3312 omnipotentiae,
678 3243 737 3296 sint
748 3241 923 3310 possibilss3
945 3255 979 3294 ac
997 3242 1133 3308 proinde

126 3318 319 3373 necessarium
347 3327 403 3387 est,
432 3322 501 3375 illas
528 3337 545 3375 a
573 3321 633 3376 Deo
662 3330 694 3375 ut
714 3321 786 3376 tales
808 3320 952 3392 cognosci.
993 3319 1134 3378 Scientia

127 3411 196 3456 vsro
218 3397 340 3452 visionis
362 3407 482 3454 vocatur
504 3401 626 3457 scientia
645 3400 752 3466 libers,
775 3415 808 3454 eo
831 3399 910 3470 qnod
930 3400 1074 3468 supponit
1097 3403 1133 3456 in

127 3475 189 3529 Deo
211 3476 357 3532 decretum
377 3477 504 3532 liberum
525 3478 707 3546 producendi
727 3486 888 3546 creaturas,
910 3485 939 3532 et
952 3475 990 3532 sti
1004 3477 1135 3535 illarum

129 3555 311 3612 existentiam
331 3563 360 3611 et
381 3557 562 3626 operationes
584 3555 785 3614 concurrendi.
866 3580 868 3588 s
