2294 3892
110 191 173 259 376
517 209 554 252 na
578 145 698 252 naaria.

112 329 236 399 impiere
256 343 309 398 per
331 329 467 400 gratiam,
488 337 626 398 tanquam
648 329 733 383 etiam
754 329 781 382 ai
802 330 894 402 'gratia
908 345 970 383 nnn
986 329 1130 398 daretur,

113 423 172 464 nen
200 407 316 479 quidem
344 407 446 474 iaclie,
475 407 526 462 aed
553 417 649 464 minen
677 420 828 478 portamur
857 409 944 464 etiam
974 409 1049 466 aine
1072 411 1133 466 iila

117 487 239 558 implere
262 486 364 544 divina
384 487 546 544 mandata.i

174 567 262 622 item:
303 567 392 634 ..Eam
423 568 474 638 qui
502 567 591 622 verba
619 567 689 622 hace
712 565 739 621 S.
762 567 885 624 ioannis
906 569 1058 636 Apostoli
1092 569 1136 640 (ai

118 645 293 713 dixerimus,
322 645 392 718 quia
412 654 562 718 peccatum
582 662 641 700 nnn
662 645 817 712 habemur,
844 647 903 716 ipai
923 661 982 701 noa
1003 648 1135 704 aeduci-

113 741 187 793 mua,
209 733 237 782 at
250 727 356 782 veritae
369 728 403 782 in
416 725 502 782 nobit
519 741 577 784 uon
599 725 657 797 eat)
676 726 719 782 aie
738 725 913 796 accipienda
923 729 1134 796 ,putaverint

116 813 148 860 ut
169 805 281 873 dicant,
309 813 426 876 propter
446 805 642 863 humilitatem
661 812 794 875 oportere
818 805 895 872 dici,
923 821 982 860 noa
1013 807 1136 862 habere

116 895 282 958 peecatum,
304 901 364 939 nan
385 885 465 958 quad
486 899 552 940 vere
572 886 614 940 ita
635 885 698 938 rit.i

123 979 144 1038 ᾗ
174 963 260 1018 item:
294 963 367 1030 ,Qui
389 965 533 1030 dixerint,
555 965 587 1018 in
608 965 736 1018 oratione
758 963 905 1018 dominica
924 963 1000 1020 ideo
1028 966 1133 1022 dicere

114 1045 251 1099 Sanctoar
280 1043 394 1098 dimitte
418 1044 503 1099 ncbia
526 1043 626 1098 debita
646 1051 758 1109 natira,
780 1052 812 1097 ut
833 1059 891 1097 non
911 1057 969 1112 pro
993 1061 1031 1100 ae
1054 1047 1132 1116 ipris

116 1123 171 1178 hoc
199 1121 314 1194 dicant,
344 1123 414 1193 quia
441 1137 498 1178 non
527 1131 570 1177 eat
595 1124 637 1176 eia
654 1121 716 1193 jam
738 1126 900 1176 ncecnaaria
919 1124 982 1177 lata
1003 1128 1131 1194 petitio,

115 1202 166 1256 aed
187 1217 240 1271 pro
262 1203 344 1268 aliia,
367 1203 418 1272 qni
438 1210 504 1256 aunt
525 1203 556 1255 in
578 1202 686 1272 popula
709 1217 759 1258 ruo
779 1210 966 1272 paccatorea,
990 1204 1134 1276 ideoque

26 1289 30 1297 “
114 1283 186 1336 ilaec
209 1281 244 1336 ab
266 1281 327 1336 iiiia
349 1281 437 1336 verba
458 1297 516 1336 non
538 1282 695 1347 veraciter,
715 1281 768 1334 red
788 1281 939 1336 humiliter
962 1281 1067 1336 diei·

178 1361 233 1416 iios
264 1368 358 1415 autern
390 1377 513 1416 canones
545 1360 582 1414 ad
615 1359 761 1416 zosimum
789 1359 897 1430 Papam
928 1375 948 1414 a
979 1361 1133 1418 Patribus

117 1439 243 1495 Conciiii
265 1441 462 1505 transmissor,
491 1448 519 1494 et
540 1440 577 1494 ab
598 1441 661 1510 ipso
684 1439 857 1510 approbatur
878 1447 906 1493 et
927 1443 1134 1498 confirmares

116 1521 220 1585 iuiaee,
248 1527 367 1575 lectatur
387 1523 415 1575 S.
432 1521 556 1590 Prosper
575 1519 607 1572 in
626 1520 770 1575 Girrcuicc
793 1517 830 1572 ad
851 1531 963 1574 anuum
980 1521 1059 1576 tiit.
1085 1525 1133 1578 iris

117 1597 228 1652 verbine
255 1599 404 1660 ,Concilio
425 1599 504 1669 apud
525 1599 728 1670 Carthaginem
749 1597 852 1652 habitu
871 1596 934 1652 tit
955 1599 1134 1673 Episcopu-

116 1693 180 1732 rum
209 1677 247 1732 ad
269 1679 375 1746 Papam
398 1679 545 1734 zosimum
573 1677 727 1750 synodalia
755 1677 869 1732 decreta
896 1679 1022 1748 perlata
1052 1695 1132 1750 sunt,

116 1756 223 1826 quibua
250 1757 396 1828 probatis,
428 1773 483 1828 per
512 1766 601 1813 totum
631 1757 779 1812 mundum*
796 1758 925 1812 haeresia
957 1757 1133 1832 Pelagiana

119 1833 255 1889 damnata
275 1841 344 1890 est·
754 1845 757 1852 ‘

564 1994 589 2066 l·
612 1995 660 2050 rv.

164 2100 235 2162 Quid
254 2117 336 2174 cuper
356 2101 565 2170 Pelcyiceomm
586 2110 611 2154 ct
632 2101 909 2172 Semipcicpt'caorum
929 2105 1086 2158 erroribua

406 2181 519 2236 edicert't
541 2179 706 2236 Coeleata'atta
726 2181 816 2261 Papa.

180 2310 205 2366 i.
249 2314 320 2367 Cum
347 2311 436 2382 igitur
458 2309 615 2382 Pelagiana
641 2311 768 2367 haeresia·
793 2310 875 2366 tatiea
893 2314 1080 2383 ‘proscripta
1101 2325 1146 2374 et,

115 2391 267 2458 damnata,
285 2391 351 2462 jam
371 2391 478 2461 ubique
500 2392 560 2444 iera
581 2391 710 2446 extincta
731 2390 1051 2460 earet,·nlhiinnrinua
1075 2396 1131 2448 aii·

116 2479 187 2540 quot
208 2477 272 2539 post
292 2473 376 2524 annia
397 2473 428 2524 in
443 2470 514 2524 urbe
529 2469 719 2536 Massiliensi,
737 2471 861 2540 alliaque
875 2467 990 2526 deinde
1005 2471 1131 2530 Galliae

115 2550 263 2622 partibus,
295 2551 365 2604 nori
397 2563 493 2604 rurans
522 2565 631 2604 errores
661 2550 737 2604 circa
756 2550 884 2622 ¹gratiani
912 2552 1018 2604 exorti
1050 2563 1130 2620 sunt,

116 2643 239 2700 quorum
259 2629 406 2696 authores,
430 2629 498 2683 iicet
518 2645 534 2682 a
555 2628 674 2700 Pelagio
696 2625 877 2694 recederent,
907 2627 1040 2685 divinae
1066 2649 1129 2703 gra·

114 2709 174 2762 tiae
196 2710 394 2764 necessitatem
415 2707 614 2773 admittentes,
636 2708 688 2778 qui
708 2715 873 2764 tamennon
890 2707 963 2761 tatia
980 2709 1025 2762 ad
1042 2709 1145 2766 Fidei

112 2789 266 2842 veritatem
288 2787 471 2852 accederent,
494 2789 645 2858 ipsamque
664 2787 787 2860 gratiam
808 2787 938 2842 dicerent
962 2801 1027 2842 nou
1053 2781 1145 2860 pure*

117 2869 205 2939 gratia
225 2867 306 2933 dari,
332 2865 383 2922 aad
403 2865 656 2938 intuitu'aildujua
677 2866 770 2935 honae
792 2867 1016 2936 dlapeaiticnie,
1050 2885 1078 2923 e.
1101 2889 1126 2941 g.

115 2945 186 3001 noni
207 2945 331 3018 aiicujus
354 2945 509 3012 desiderii,
538 2957 587 3000 aut
608 2955 728 3000 conatus
750 2947 841 3015 ipsine
868 2947 1059 3016 veluntatis,
1091 2967 1127 3004 ax

113 3025 186 3078 eolis
215 3025 331 3080 arbitrii
362 3025 474 3080 viribus
505 3025 614 3092 aiicitl3
646 3024 714 3080 iden
744 3025 885 3079 Haeretici
917 3025 1020 3081 habiti
1056 3041 1127 3084 eunt

116 3103 246 3174 dictique
268 3104 504 3174 semipelagiani.

112 3213 117 3220 ·
177 3183 304 3253 Cumque
331 3183 380 3239 iili
400 3185 568 3256 praesertim
584 3181 616 3236 S.
639 3183 795 3253 Augustini
817 3193 886 3237 tune
907 3179 1051 3240 defuncti
1075 3189 1144 3242 ‹to-³

114 3261 238 3318 ctrinam
261 3262 296 3316 de
318 3263 409 3332 gratia
429 3270 457 3318 et
477 3263 514 3318 de
535 3262 630 3317 libero
655 3263 774 3318 arbitrio
802 3265 993 3332 impeterent,
1029 3237 1144 3322 malta*

99 3339 147 3393 'in
169 3339 253 3393 iilum
275 3341 720 3409 invidiosissimecriminantes,
743 3343 770 3396 S.
786 3343 909 3412 Prnaper
929 3349 961 3395 et
985 3341 1126 3400 Hilarius

116 3418 191 3471 tanti
216 3419 275 3494 viri
301 3421 467 3475 memoriam
495 3429 552 3476 tam
579 3421 701 3492 indigne
728 3421 861 3477 vellicari
888 3433 949 3476 nun
980 3423 1127 3492 terentes,

118 3494 312 3550 Coeleatlnum
333 3496 441 3565 Papam
465 3499 616 3566 adierunt,
645 3496 821 3573 egeruntque
842 3501 1006 3568 curtillo,
1043 3513 1130 3561 utet

115 3571 343 3628 Massilienaium
362 3575 487 3632 frenaret
506 3577 668 3649 audaciam,
690 3579 1130 3654 autumnitanorum
