2316 3892
312 243 316 250 .
356 159 641 218 4441444444444.
760 157 770 176 ”
934 155 993 224 351

5 295 91 366 signis
114 293 258 361 externis3
287 291 418 354 adoretio
438 277 507 348 4444
527 300 641 364 praeter
659 293 743 349 illam
766 288 996 350 testificationem

6 375 194 430 excellentiae
227 373 355 428 includit
387 372 578 428 essentialiter
593 373 597 384 ’
612 371 833 428 submissionem
869 373 997 446 aliquem

7 467 66 525 erga
86 451 138 520 id,
161 448 413 523 quod‘edoratur3
434 453 466 508 in
488 465 545 522 quo
567 449 663 507 diflert
683 467 700 506 4
721 449 808 506 14444
829 462 857 506 44
877 449 996 521 honore,

8 531 147 602 siquidem
169 532 322 588 laudemus
343 539 371 586 et
390 531 564 587 honoramus
585 531 671 586 etiem
697 531 849 602 aequales,
877 533 924 587 uel
953 535 998 588 in-

9 611 139 680 teriores,
168 625 225 666 non
255 599 408 666 adoramus
434 625 503 666 vero
531 611 589 665 nisi
610 612 781 682 superiores.
822 609 908 667 Unde
929 611 997 669 ado·

9 695 73 746 rouo
103 690 243 748 delinitur
265 683 333 746 aS.
357 689 533 744 Damascene
555 699 626 744 orat.
642 691 669 746 3.
692 705 754 761 cep
771 691 798 746 4.
840 691 932 746 Antros·
952 703 998 745 cs-

9 772 102 836 deatis,
130 765 240 826 demessi
260 780 286 824 et
306 768 412 823 comilis
432 769 604 840 rs'qar‘flcotto

58 849 228 906 Notandum
249 849 278 906 4
307 848 345 904 44
373 845 547 920 completum
572 855 666 904 actum
688 847 864 904 adorationis
885 850 941 904 tria'
962 865 999 908 ex

8 939 79 997 parte
101 931 231 987 hominis
252 927 378 1000 requiri.
414 927 438 982 l.
462 935 493 983 ut
511 928 678 984 intellectus
699 937 835 999 agnoscat
856 929 1000 985 excelleu-

11 1009 69 1064 tiam
102 1009 185 1082 ejus,
218 1007 269 1082 qui
300 1007 452 1073 edoratam
482 1006 510 1062 2
532 1017 565 1064 44
594 1007 729 1070 voluntas
759 1008 904 1066 internum
932 1020 1000 1082 erge

12 1089 128 1144 eundem
150 1085 283 1142 ellectum
305 1087 464 1157 concipiat,
476 1081 513 1141 e
538 1085 672 1176 denique,
693 1087 726 1142 ut
745 1085 845 1160 aliquo
862 1089 999 1144 exteriori

12 1175 64 1223 actu
87 1165 313 1224 submissionem
334 1165 463 1236 aliquam
484 1181 551 1237 erga
571 1180 636 1230 eum
656 1169 851 1238 protestetur.
880 1177 881 1182 ’

60 1245 231 1302 Notandum
250 1243 278 1301 3.
301 1245 479 1318 duplicem
469 1259 500 1298 ιιι
521 1245 689 1321 universum
710 1261 771 1302 esse
792 1245 998 1314 adorationem,

13 1327 76 1384 sicut
97 1325 212 1396 duplex
233 1325 406 1381 excellentia
433 1331 491 1396 est,
518 1325 630 1390 ratione
660 1325 742 1398 cujus
769 1333 864 1396 potest
891 1323 999 1397 aliquis

14 1407 88 1462 nobis
109 1421 175 1463 esse
196 1405 344 1475 superior3
366 1419 424 1460 una
443 1403 587 1470 increata,
610 1406 701 1459 eltera
721 1414 826 1460 create.

62 1483 211 1542 Adoratio
231 1483 302 1554 illa,
331 1499 404 1554 quse
432 1485 543 1538 ratione
570 1484 713 1540 increatae
741 1486 932 1540 excellentiae
953 1483 1001 1540 44

13 1567 106 1632 fertur,
129 1581 187 1620 usu
200 1565 230 1621 iu
246 1563 377 1619 Ecclesia
395 1563 587 1620 communiter
608 1572 740 1634 recepto,
760 1565 847 1620 latria
867 1569 1000 1620 vocetur:

16 1661 62 1714 quo
85 1643 232 1700 vocabulo
261 1643 439 1715 significatur
465 1641 560 1698 cultus
588 1643 641 1698 ille
668 1641 837 1716 religiosus,
867 1645 918 1714 qui
946 1645 1002 1700 soli

16 1724 65 1778 Deo
79 1719 215 1792 debetur,
234 1723 266 1776 in
281 1721 396 1793 siguum
411 1730 441 1776 et
460 1723 697 1792 protestationem
718 1725 846 1794 supremi
867 1721 1002 1793 dominii,
1078 1755 1082 1760 ·

18 1803 111 1872 quod'
102 1819 135 1858 ιιι
159 1817 204 1856 res
226 1815 324 1856 omnes
345 1810 454 1856 creatas
476 1799 600 1864 obtinet,
622 1803 721 1873 sieque
743 1804 888 1858 sumitur
877 1813 910 1856 ru
925 1801 1003 1858 Seri·

18 1891 103 1952 ptura,
128 1884 163 1938 in
185 1897 244 1954 qua
263 1881 403 1939 falsorum
425 1880 543 1936 deorum
565 1882 659 1936 441444
680 1884 797 1938 nomine
817 1881 1002 1940 idololatriae

18 1963 181 2031 exprimitur
202 1957 281 2031 (Act
300 1957 346 2015 tt.
391 1959 489 2015 444444
517 1959 688 2015 &cubuisse
716 1961 834 2017 44444444
854 1960 1000 2032 deitatem)

19 2047 40 2094 et
51 2041 186 2098 falsorum
202 2039 320 2094 deorum
336 2039 460 2096 cultores
474 2037 647 2094 idololatrae
661 2035 1001 2110 vocanturli.Cor.10.
1029 2068 1032 2075 ·

19 2119 98 2212 Nepae
118 2116 282 2176 idololatrae
303 2113 487 2196 efficiamini),
511 2133 543 2173 eo
566 2111 644 2190 quo'd
665 2121 774 2174 cultum
789 2117 874 2174 illum
889 2121 1001 2185 latriae,

21 2202 61 2268 qui
85 2201 142 2256 soli
167 2199 227 2254 Deo
255 2191 392 2265 debetur,
422 2197 459 2253 44
486 2197 568 2252 44414
595 2199 788 2255 transferrent.
837 2197 875 2254 Et
902 2199 1002 2256 eodem

21 2277 92 2334 etiam
113 2295 202 2335 sensu
222 2275 299 2334 41144
319 2277 422 2332 latriae
443 2277 619 2332 vocabulum
640 2279 764 2332 sumitur
783 2279 813 2332 44
840 2279 866 2334 4.
884 2279 1002 2351 Synodo

21 2359 135 2428 generali
167 2365 222 2412 444.
244 2358 271 2413 3.
294 2357 314 2410 4
334 2363 363 2412 44
383 2358 410 2414 6.
438 2363 465 2412 44
493 2357 525 2412 14
548 2357 681 2412 Concilio
704 2352 834 2412 'iridem⁸
863 2367 931 2412 sess.
956 2357 1003 2414 13.

21 2451 70 2508 cap.
91 2441 118 2494 5.
143 2445 174 2495 44
201 2433 279 2508 apud
299 2435 328 2492 S.
349 2437 490 2494 Basilium
517 2437 547 2490 iu
560 2455 562 2460 ·
577 2451 639 2507 eap.
662 2435 777 2492 41444.
806 2446 834 2492 44
855 2437 881 2492 S.
905 2439 1004 2510 Augu·

22 2517 115 2577 utinum
136 2517 192 2572 lib.
210 2515 256 2571 40.
279 2515 314 2570 44
336 2514 423 2571 illuit.
445 2529 507 2586 oap.
526 2517 551 2570 l.
573 2516 627 2570 lib.
645 2515 692 2570 44.
712 2525 803 2571 contr.
818 2513 911 2571 Faust.
934 2531 958 2573 c.
974 2515 1002 2569 e.

23 2593 72 2650 imo
91 2606 119 2652 et
139 2598 207 2666 ipsa
228 2609 286 2650 vox
306 2591 485 2650 adorationis
506 2597 613 2665 passim
635 2609 672 2650 ex
692 2596 839 2652 communi
864 2611 917 2652 usu
940 2595 1004 2667 jam

23 2684 122 2746 recepta
143 2683 204 2746 est,
231 2675 269 2732 ad
290 2673 514 2747 significandum
535 2676 620 2730 illum
642 2675 769 2744 cultum,
793 2677 844 2748 qui
866 2676 921 2730 seli
942 2675 1004 2730 Deo

25 2751 150 2824 debetur3
173 2751 250 2810 4444
272 2753 412 2822 dicimus,
436 2755 528 2810 solum
550 2755 641 2810 Deum
663 2770 723 2810 esse
744 2753 932 2811 odorandum.
953 2805 956 2810 .

70 2831 95 2890 2.
139 2833 243 2889 Cultus
264 2841 360 2892 autem
380 2833 433 2888 ille
461 2833 630 2905 religiosus,
659 2837 710 2906 qni
737 2835 774 2890 ob
804 2842 925 2890 creatum
955 2845 1003 2888 ex·

26 2913 176 2970 41144444
199 2913 334 2980 defertur,
356 2913 546 2968 communiter
565 2911 647 2967 dulia
659 2923 792 2983 vocetur3
815 2929 872 2986 quo
887 2914 1003 2969 nomine

27 3005 54 3044 er
75 3009 125 3048 usu
156 2991 304 3048 Ecclesiae
336 2993 516 3064 significatur
547 2995 669 3050 servitus
700 2999 729 3049 44
759 2993 913 3050 submissio
946 3004 1002 3048 444
1082 2997 1090 3008 ‘

28 3073 160 3140 quaelibet
181 3071 295 3144 abjecta
316 3077 343 3127 et
363 3072 449 3142 vilis,
478 3071 572 3144 qualis
594 3079 637 3126 est
656 3075 885 3145 mancipiorum,
910 3085 1004 3144 neque

28 3151 98 3206 etlam
123 3147 282 3208 honoraria
310 3157 337 3206 et
364 3151 501 3221 politica,
534 3152 629 3224 quelis
660 3161 703 3207 est
731 3153 913 3210 subditorum
938 3167 1006 3224 erga

29 3229 175 3304 principes,
204 3239 232 3285 et
256 3224 424 3286 interiorum
452 3247 518 3304 erga
543 3231 719 3306 superiores:
752 3233 802 3287 sed
821 3233 959 3306 religiosa
980 3239 1007 3286 et

30 3309 81 3379 pis,
100 3325 182 3382 ouse
209 3309 322 3366 seilicet
344 3309 455 3365 Sanctis
483 3309 611 3365 defertur
639 3309 676 3366 ob
702 3327 800 3366 eorum
822 3313 958 3368 virtutem
979 3319 1006 3365 et

32 3392 203 3446 sanctitatem
238 3389 276 3442 144
296 3391 432 3462 quonism
454 3389 530 3444 inter
551 3389 670 3444 8444444
691 3393 766 3446 varii
787 3399 815 3445 et
838 3392 1008 3462 inaequales

33 3475 83 3520 unt
102 3471 205 3541 gradus
228 3469 404 3536 sanctitutis,
424 3467 522 3524 4444
512 3471 565 3536 ris,
591 3470 642 3540 qui
664 3472 773 3528 meritis
795 3485 829 3525 44
850 3469 1008 3526 virtutibus

35 3539 188 3618 insigniores
217 3550 348 3617 luerunt,
376 3549 512 3618 specialis
540 3549 647 3622 aliquis
671 3550 764 3605 honor
785 3549 925 3618 defertur,
956 3549 1007 3618 qui
