2294 3892
390 253 429 296 aa
453 250 572 298 uranu.
915 233 983 302 lib

46 373 109 428 Alii
131 387 198 428 voro
220 365 360 439 asserunt,
381 373 490 444 gratiae
507 379 536 428 et
549 375 678 428 oaritaiis
692 388 781 428 nnnm
797 367 979 446 eundemque

9 467 48 507 sse
68 451 217 520 habitum,
245 465 298 508 nea
326 451 363 506 ab
383 451 509 508 lavinam
530 453 588 506 nisi
609 451 890 526 ratione-distingui.
933 455 1001 523 Itax

8 533 121 588 tellarm.
143 530 197 587 lib.
215 529 240 586 l.
263 531 299 586 tle
320 529 398 596 Grai.
421 540 449 587 et
469 531 522 588 lib.
542 532 615 588 Aris.
638 533 747 589 etalii.

47 609 139 683 Hujus
160 617 255 666 autem
276 611 420 667 secundae
432 613 598 668 ¹sententiae
622 609 723 683 (quam
744 619 776 666 nt
795 611 976 683 probabilio-

8 705 45 745 em
66 688 284 764 amplectimur)
304 691 410 746 veritas
430 691 570 762 probatur
592 689 618 746 l.
641 707 678 745 ex
699 692 831 747 Gonoilio
853 691 977 750 'l'riden-

8 771 45 826 lno
66 787 134 824 sess.
151 767 178 824 6.
201 785 263 840 oap.
279 768 306 826 i.
326 769 378 824 nbi
393 771 524 841 quumvis
539 769 693 842 superbae
707 771 873 842 quaestione
896 770 976 842 (oum

9 849 145 904 illidam
172 849 291 906 minima
310 850 470 930 pertineat)
490 851 567 906 nihil
588 850 708 924 definire
735 851 878 922 voluerit,
893 851 976 912 ‚sutis

8 937 82 1000 perte
104 937 199 982 tamen
217 927 376 1000 judicavit,
397 929 444 984 cui
464 925 622 1000 sententiae
636 925 728 1002 magia
742 931 859 986 faveret.
894 929 976 986 Pasa

8 1025 70 1078 nam
93 1009 170 1062 onim
192 1008 284 1075 dixit,
312 1008 428 1064 unicam
452 1010 602 1066 formalem
623 1025 739 1064 oausam
759 1016 873 1065 nostrae
889 1009 977 1081 justi·

8 1089 129 1144 tortionis
150 1103 211 1142 essa
227 1087 373 1159 justitiam
395 1088 462 1155 Dei,
491 1105 549 1144 non
571 1104 629 1159 qua
649 1090 712 1160 ipsa
727 1088 825 1160 justus
846 1099 902 1155 est,
924 1088 976 1144 sed

8 1185 44 1238 tna
63 1184 117 1222 nos
135 1166 231 1239 justos
251 1167 337 1234 faoit3
367 1168 518 1238 explicans
543 1175 659 1238 postea,
688 1183 828 1238 quaenam
857 1170 896 1224 sit
922 1169 977 1223 illa

8 1247 106 1316 ustitia,
128 1246 208 1314 illuit,
222 1254 401 1318 pacatorem
412 1245 522 1318 justum
538 1249 610 1315 fleri,
626 1246 854 1321 dampnationis
869 1248 978 1304 Christi

8 1327 101 1394 terito,
132 1339 184 1395 par
211 1325 353 1396 Spiritum
381 1335 510 1381 sanatum
539 1327 643 1382 caritas
664 1327 719 1382 Dei
744 1327 919 1382 diffunditur
943 1329 975 1382 in

9 1403 121 1462 ordibus
136 1421 244 1472 eorum,
267 1406 317 1476 qui
327 1403 534 1476 justificantur,
556 1415 642 1476 atque
656 1405 728 1476 ipsis
742 1407 880 1463 inhaeret.
916 1405 976 1464 Ubi

8 1485 94 1540 tullios
124 1485 242 1540 alterius
268 1487 376 1557 gratiae
403 1483 592 1556 justificantis
619 1493 819 1558 praeterquam
847 1487 976 1542 raritatis

8 1567 158 1620 tentionem
180 1565 258 1620 lauit.

44 1645 188 1700 Probatur
207 1642 235 1698 2.
257 1659 294 1700 ax
315 1645 342 1698 S.
357 1644 524 1715 Augustino
541 1643 594 1700 lib.
617 1645 653 1699 sla
666 1643 730 1698 Nat.
746 1652 774 1700 at
789 1643 866 1700 Grat.
882 1647 974 1702 uult.

8 1721 37 1776 bi
57 1725 98 1780 sio
119 1723 266 1794 loquitur:
296 1723 407 1778 Ooritaa
427 1725 553 1778 inoboatu
572 1726 699 1784 malonia
711 1723 822 1794 justitio
843 1733 898 1792 σείς
926 1743 976 1780 cu-

8 1803 52 1857 itas
67 1812 200 1873 provecto
215 1813 346 1872 proveeta
358 1803 470 1873 justitia
491 1813 545 1869 ειη
570 1807 673 1859 caritas
691 1822 791 1874 oroque
811 1823 910 1876 mayno
923 1807 976 1876 ja-

8 1883 57 1937 titia
78 1893 135 1950 eat,·
156 1875 258 1942 coritas
273 1883 399 1953 perfecta
413 1883 539 1954 perfecta
553 1883 664 1951 justitio
679 1893 726 1937 ast.
762 1883 798 1938 Et
812 1900 849 1938 ex
863 1887 891 1940 S.
907 1885 975 1941 Ber·

8 1963 83 2029 ardo,
106 1961 160 2016 lib.
183 1961 220 2016 de
240 1959 327 2019 Modo
349 1961 424 2016 bene
444 1961 564 2018 vivendi
585 1977 610 2018 a.
628 1961 663 2016 4.
692 1963 782 2016 limos
800 1973 909 2018 sanatas
930 1966 976 2018 iss-

9 2043 98 2096 toduca't
112 2045 142 2095 io
155 2050 266 2099 mantua
280 2043 394 2096 bominis
402 2042 554 2113 perfactam
567 2043 724 2108 caritatem
741 2043 865 2113 perfeeto
885 2052 974 2097 autam

9 2124 83 2176 oritus
98 2121 227 2194 perfecta
247 2129 287 2178 art
306 2123 444 2176 sanctuar.

43 2201 69 2256 i.
122 2199 270 2267 Quaerunt
296 2199 346 2256 hio
372 2201 482 2271 aliqui,
514 2215 550 2253 an
578 2199 656 2256 sieut
679 2199 854 2268 habitualis,
886 2201 973 2257 etiam

11 2281 106 2335 atualis
137 2279 241 2334 camus
269 2279 428 2335 formaliter
455 2281 600 2334 homiuem
628 2280 802 2336 sanatiboet:
831 2295 868 2336 an
895 2297 923 2334 v.
946 2297 972 2352 g.

10 2367 62 2414 etus
83 2360 230 2430 pertentas
251 2359 431 2415 contritionis
452 2375 488 2414 ex
501 2375 569 2414 voro
584 2360 712 2414 caritatis
725 2360 834 2416 motivo
849 2361 974 2430 elicitus,

9 2453 37 2492 ur
56 2455 85 2494 se
108 2449 137 2494 et
158 2439 316 2494 formaliter
335 2437 482 2494 hominem
499 2437 647 2510 justificet.
978 2444 981 2452 '

45 2517 248 2590 Respondetnr
263 2517 289 2576 1.
312 2525 420 2575 eertum
442 2533 512 2586 esse,
532 2529 708 2590 quacunque
728 2519 841 2573 ratione
861 2518 895 2574 id
915 2520 975 2586 ilat,

9 2595 46 2653 ive
58 2598 228 2666 formaliter,
250 2598 311 2654 sive
324 2598 480 2665 meritorie,
494 2599 557 2654 sive
571 2599 630 2653 alio
645 2599 749 2670 quovis
763 2597 858 2666 motio,
881 2605 976 2652 aetum

9 2679 129 2732 terieatae
150 2677 347 2744 contritionis,
376 2693 427 2732 reu
448 2679 593 2742 caritatis,
621 2686 739 2748 paccata
766 2677 862 2734 delere
882 2677 975 2732 homi-

9 2771 107 2828 rmque
125 2755 293 2828 justificare.
329 2755 363 2812 li
377 2758 454 2811 enim
469 2771 602 2826 expresse
618 2756 769 2813 delinitum
784 2766 827 2812 est
839 2759 871 2812 in
887 2757 975 2812 Cone.

9 2833 118 2892 ludent.
147 2851 215 2892 sess.
237 2835 283 2890 tt.
312 2851 336 2891 a.
355 2837 383 2890 i.
413 2836 466 2890 ubi
494 2835 581 2902 dioit,
610 2838 776 2908 contingere
804 2835 973 2906 aliquantis,

9 2917 188 2970 nutritionem
210 2917 328 2972 caritate
348 2917 504 2986 perlectam
525 2931 599 2983 esse,
625 2917 827 2987 hominemque
849 2917 911 2972 Deo
932 2931 974 2971 re·

9 2997 159 3062 onoiliars,
185 2996 357 3065 priusquam
383 2996 598 3050 Sacramentum
620 2995 817 3050 Paenitentiae
842 3002 907 3050 anto
929 3011 975 3051 su·

9 3073 132 3142 tipiatur.
556 3083 563 3088 ’

45 3151 247 3224 Respondetm
266 3152 293 3208 2.
314 3153 583 3223 probabilissimum
606 3151 670 3208 esar
692 3155 777 3209 mam
803 3154 973 3222 formaliter,

9 3245 37 3285 er
56 3235 211 3304 ipsummet
232 3241 327 3287 aetum
348 3233 476 3288 caritatis
495 3234 639 3288 hominem
651 3233 817 3306 justificari,
837 3234 975 3306 proinde·

10 3325 41 3376 ue
67 3321 186 3383 peecata
213 3313 310 3368 omnia
338 3311 437 3368 deleri.
488 3313 559 3368 Cum
587 3311 634 3380 (ut
659 3314 701 3368 ait
722 3314 748 3368 S.
771 3315 878 3370 Ductor
896 3310 922 3369 2.
944 3311 972 3369 2.

10 3427 19 3456 η.
31 3389 75 3446 at.
91 3407 119 3447 a.
133 3390 162 3446 t.
181 3391 219 3446 ad
232 3391 277 3466 3.)
297 3407 350 3462 per
371 3400 465 3451 actum
488 3391 647 3462 quemlibet
665 3394 824 3463 perfectum
846 3393 975 3448 caritatis

10 3474 99 3528 versio
130 3487 147 3525 a
174 3471 235 3527 Deo
266 3472 425 3528 formaliter
456 3471 590 3538 tollatur,
622 3479 651 3527 et
680 3473 778 3528 anima
807 3471 974 3528 immediata

10 3549 46 3603 leo
67 3549 258 3622 conjungatur
278 3551 396 3606 viuculo
418 3551 580 3620 spiritualia
601 3553 727 3610 unionis.
762 3551 847 3608 Unde
863 3549 972 3605 dieitur

11 3629 112 3685 ioan·
127 3630 154 3686 l.
178 3629 272 3702 quod,
303 3633 350 3703 qai
369 3641 458 3686 mouet
483 3633 511 3684 iu
532 3633 659 3698 amiate,
688 3634 717 3688 iu
737 3631 797 3688 Deo
817 3639 919 3694 manat,
948 3637 974 3683 at
