2314 3888
124 199 191 272 doti
557 219 678 264 ⁸suom·

127 341 274 402 uerutus·
288 343 425 414 illyricus
451 343 588 407 assernit,
616 351 780 411 peceatum
795 341 943 414 originale
972 359 1034 399 esse
1061 346 1122 400 sub

169 425 304 480 stantiam
333 420 480 494 quandum
507 421 683 474 adaemone
712 423 834 488 tectam,
863 427 942 492 qaae
971 425 1012 478 sit
1038 426 1122 494 ipsius

167 503 316 560 «immonis
339 502 501 556 mentiatis
519 502 624 570 imago,
650 509 725 570 quae
745 500 865 570 quidem
886 511 959 571 post
977 515 1123 576 peecatum

167 583 256 654 primi
282 581 409 636 hominis
438 583 478 633 ita
506 579 664 650 onieetqtre
691 583 805 634 animae
831 582 981 654 impressa
1010 593 1072 650 est,
1097 592 1123 638 ιι

167 661 250 716 iilam
272 669 360 718 tetam
388 659 617 714 substantialiter
645 661 821 732 corruperit,
849 669 877 714 et
904 664 938 716 in
970 663 1120 736 imaginem

166 741 260 812 ipsius
282 740 395 794 diaboli
416 739 670 792 transformaverit.
712 736 788 792 ibid.
811 748 879 792 sect.
896 740 926 794 3.

125 817 270 878 botherus
291 828 319 874 et
341 819 480 874 calvinus
502 827 675 872 censuerunt
681 827 859 886 ,peecatum
882 822 1046 893 originale»
1059 823 1123 876 nibil

125 897 249 956 eadat
270 911 448 980 essequam
468 899 731 966 consupiscentiam
745 913 796 954 ssu
810 899 1069 956 inordinationem
1081 919 1124 971 po

167 979 320 1036 tertiarum
342 973 511 1034 interiorunt
527 979 650 1044 enimse,
673 992 748 1047 quae
760 993 823 1034 reos
837 994 890 1032 nas
905 979 984 1070 tecit
997 991 1122 1036 aeternae

155 1058 370 1114 demotionis.
413 1056 489 1111 ibid
650 1101 655 1110 .
761 1081 763 1088 ν

126 1139 266 1196 Calvinus
288 1135 409 1202 docuit,
416 1151 506 1190 unum
527 1149 564 1190 cx
584 1136 735 1190 edeotibm
753 1138 866 1206 peccati
888 1141 1054 1210 originalis
1072 1156 1123 1196 csse

125 1243 138 1260 ι
166 1219 372 1274 extinctionem
396 1216 481 1270 libert
504 1215 639 1281 arbitrii.
652 1218 694 1269 ita
712 1224 747 1270 ut
766 1223 832 1285 post
845 1229 1007 1286 peceatum
1022 1221 1124 1274 Adaui

167 1313 225 1352 non
248 1297 373 1366 amplius
395 1295 499 1349 hebeat
514 1297 605 1349 homo
623 1295 747 1350 liberam
768 1295 840 1349 boni
857 1297 905 1350 vel
922 1299 1001 1352 mali
1013 1301 1125 1354 electio·

123 1400 127 1409 ·
167 1391 242 1442 uem,
265 1375 315 1431 sed
335 1375 478 1446 quioquid
499 1374 572 1428 bees
595 1375 642 1428 vel
664 1375 738 1429 md'e
760 1386 903 1446 operatur,
928 1378 1014 1432 illud
1036 1395 1125 1434 ncces

124 1466 139 1499 ,ἱ
156 1459 243 1512 *sario
257 1457 382 1526 sperari,
404 1455 537 1524 quemvis
552 1469 610 1508 nou
625 1463 723 1511 coacte
738 1464 879 1523 operetur.
910 1455 995 1511 ibid
1012 1459 1115 1514 secti

125 1535 279 1606 Pelagiani
300 1534 475 1598 asserebant,
496 1535 634 1603 parrulos
654 1533 763 1603 absque
779 1533 930 1604 Baptismus
954 1537 1124 1592 decedentes

122 1624 309 1670 mam
330 1614 523 1668 nihilominus
543 1613 753 1668 beatitudinem
779 1623 1002 1671 consecuturos
1055 1617 1123 1674 ibid

165 1697 275 1749 secti

355 1793 446 1859 Circo
467 1801 640 1874 mysterium
662 1799 891 1866 incarnationis.

116 1927 274 1985 Nestorius
300 1927 504 1999 praedicabit,
533 1930 729 1997 beatissimam
751 1929 913 2005 Virginem
924 1933 1055 1990 Mariam
1073 1952 1118 2004 pu·

140 2025 227 2064 1ιιιιιι
254 2009 401 2064 bominem
432 2009 595 2078 peperisse,
615 2009 826 2079 proindeque
835 2025 890 2065 nee
920 2011 988 2084 ejus
1021 2015 1116 2068 Filium

156 2087 265 2158 Deum,
288 2101 340 2144 nec
361 2089 455 2158 ipsam
478 2089 532 2142 liei
549 2089 722 2159 genitricem
743 2089 804 2144 diei
823 2087 939 2148 debere.
976 2094 1118 2159 Addebat,

119 2183 316 2240 -vperssuam
337 2169 468 2224 disisam
482 2167 574 2224 Verbi
593 2169 705 2224 uitem
727 2169 815 2226 fusse
835 2177 940 2239 pbstea
960 2171 1046 2230 Filio
1065 2173 1119 2226 lta

164 2250 240 2316 riae,
270 2263 328 2303 non
356 2247 474 2320 quidem
506 2247 737 2305 substantialiter
765 2261 844 2304 soem
864 2252 1118 2306 communicanda

165 2327 360 2398 hypostasim,
389 2326 440 2380 sed
461 2334 571 2382 tautum
593 2326 827 2394 accidentaliter,
849 2329 880 2382 in
902 2339 1051 2398 quantum
1072 2333 1119 2384 sci·

165 2408 234 2464 licet
254 2407 383 2464 Verbum
412 2407 545 2462 divinum
572 2407 621 2460 illi
642 2407 753 2462 'bomen
781 2421 814 2462 ac
838 2403 1015 2480 dignitatem
1045 2427 1117 2465 suam

143 2487 343 2558 impertivit,
365 2494 397 2541 ut
417 2487 555 2544 nimirum
576 2487 660 2542 Deus
675 2495 702 2540 st
724 2487 778 2542 Dei
797 2485 887 2542 Filius
910 2487 1076 2557 diceretur,
1096 2495 1119 2544 et

117 2597 120 2604 ·
149 2574 199 2621 ·nt
219 2565 285 2622 talis
307 2565 483 2622 adoraretur.
504 2631 507 2634 .
526 2565 665 2620 Tracti.
688 2581 750 2636 cap.
768 2563 795 2620 i.
816 2575 883 2623 sect
899 2567 928 2621 4„

115 2645 270 2715 ¹Eutyches
291 2663 306 2701 e
328 2653 427 2700 oontm
447 2661 525 2700 reuma
541 2647 631 2699 nimio
659 2647 739 2711 selo,
768 2653 796 2700 et
823 2647 933 2716 absque
964 2648 1119 2704 sufficienti
1155 2667 1156 2723 t

164 2727 285 2780 scientia
310 2725 447 2780 adsersus
474 2727 562 2780 hanc
580 2733 703 2780 errorem
731 2733 907 2792 moveretur,
938 2727 972 2782 in
1000 2729 1119 2784 aiterum

164 2813 321 2862 extremum
344 2819 468 2860 errorem
489 2805 557 2879 huic
579 2805 744 2878 oppositum
762 2805 875 2860 delatus
890 2814 949 2874 est3
974 2808 1119 2863 asserebat

163 2888 250 2951 enim,
265 2893 330 2956 post
344 2885 571 2938 incarnationem
583 2883 673 2938 Verbi
686 2899 742 2937 non
757 2884 842 2938 modo
857 2901 944 2940 unam
960 2887 994 2939 in
1008 2889 1117 2942 Christo

117 2974 128 2994 ·'
164 2981 225 3020 esse
244 2977 407 3034 personam,
429 2963 480 3020 sed
500 2975 587 3018 uniet
609 2977 723 3034 quoque
745 2964 926 3020 solummodo
947 2967 1117 3020 remansisse

113 3067 116 3074 ⁴
164 3053 323 3111 naturams
341 3046 402 3098 sive
428 3058 480 3114 per
501 3037 739 3111 compositionem
759 3043 910 3114 utriusque
933 3054 1057 3100 naturae
1078 3044 1116 3097 di·

156 3123 250 3176 ¹rinae
276 3131 306 3177 et
332 3125 491 3190 humanae,
524 3124 585 3176 sire
612 3125 909 3192 percoeverslonem
939 3125 1063 3179 alterins
1089 3126 1115 3176 in

112 3229 126 3241 ··
147 3201 300 3265 ‘alteratae
321 3202 439 3258 dicebat
458 3208 614 3271 praeterea,
636 3197 823 3256 dirinitatem
836 3201 927 3256 Verbi
949 3204 982 3256 iu
1007 3206 1116 3259 Christe

158 3293 223 3332 ιιιιιι
245 3281 330 3334 modo
352 3281 411 3334 dici
432 3295 532 3352 posse,
562 3283 613 3336 sed
633 3293 663 3335 re
685 3297 754 3335 vera
774 3283 1019 3351 tuisse-passam,
1049 3297 1116 3337 mor·

164 3364 292 3409 tuamet
310 3359 461 3428 sepultam.
504 3359 578 3414 ibid

128 3432 270 3486 Haeretici
291 3436 466 3504 Ubiqnistse
486 3441 674 3510 contendunt,
698 3441 853 3494 humanam
875 3451 1010 3496 naturam
1024 3442 1115 3497 Verbo

111 3541 114 3548 ·
123 3509 266 3563 divino
297 3513 479 3580 hypostatice
504 3519 632 3588 unitam,
665 3535 698 3574 eo
730 3535 823 3576 sensu
845 3521 975 3592 intelligi
1004 3521 1116 3587 debere,

165 3587 242 3654 quod
263 3591 355 3644 omnis
376 3592 538 3664 plenitudo,
562 3605 589 3652 et
611 3599 655 3670 (ut
675 3597 849 3672 loquuntur)
872 3603 989 3672 energia
1011 3600 1115 3656 divini·
