2324 3886
115 149 175 220 132
548 165 585 212 nn
601 165 666 210 ono.

110 298 241 360 poscet,
264 288 373 358 offerret
388 296 413 342 et
425 285 574 358 consciret,
597 301 753 341 caumata
773 288 917 342 aolmtats'e
938 300 1003 340 sane
1020 303 1111 358 prae-

116 371 177 424 bere
198 367 302 422 talbot.

175 447 249 502 later
269 447 331 500 illae
352 455 440 500 autem
459 448 567 516 pretias
586 446 669 498 rohai
689 447 854 500 notationem
876 445 995 515 primum
1024 447 1111 499 boam

115 537 219 592 team,
250 528 381 598 talemque
401 527 475 580 illane
495 534 523 579 et
542 528 582 579 ita
601 535 711 578 nostrae
732 541 791 580 erec
811 525 931 580 libertati
956 535 1111 596 coaternpc-

116 616 219 672 ratam,
242 616 271 660 at
285 607 367 660 litere
386 605 462 660 illam
475 606 519 659 oet
530 615 672 675 acceptare
691 606 735 658 ael
753 605 870 674 abjicere
886 615 1038 675 posternae.
1074 607 1111 659 lis

117 704 193 751 uera,
225 703 292 758 qaae
316 687 435 756 qratiam
465 686 539 740 illam
569 685 716 738 vocationis
746 695 932 754 acceptatores
957 687 1109 754 praevidit,

116 777 203 822 motas
222 768 341 820 internos
356 766 541 836 poenitentiae.
561 765 683 836 conferre
704 765 799 828 voluit,
824 774 968 818 etruriam
991 761 1042 829 tte,
1067 768 1112 835 qui

117 847 230 900 internis
258 847 312 898 illis
338 845 452 898 modius
478 846 685 910 assentirentur,
719 845 843 898 caritatis
863 845 960 899 denum
982 846 1110 908 tribuere,

117 934 144 981 rt
163 925 232 989 illie,
262 925 311 996 qai
334 925 448 978 caritate
467 925 591 994 praediti
618 933 718 988 essent,
749 925 851 978 anulio
873 926 910 978 ad
924 929 1112 994 perseveran-

118 1005 181 1060 aas
201 1003 355 1061 attestatio
376 1004 512 1074 coqserre,
536 1013 561 1056 et
575 1005 678 1058 mum
696 1005 744 1067 ile,
768 1005 814 1074 qai
835 1003 944 1058 aucillis
964 1005 1024 1057 illio
1035 1005 1112 1074 fide-

120 1077 180 1138 liter
201 1091 423 1154 cooperarentur,
453 1085 540 1152 pram
559 1083 673 1152 flaalaa
696 1085 931 1152 peremeraatiara
948 1099 983 1136 ae
1005 1087 1112 1140 tandem

120 1165 225 1218 beatam
245 1163 349 1217 aeterni
369 1167 469 1216 amoris
487 1165 603 1232 partam
624 1164 722 1233 larplri
743 1165 866 1216 demetit.
901 1175 905 1178 ·

458 1379 686 1450 SEOTIO
730 1383 770 1447 V.

119 1510 207 1589 Quid
230 1521 330 1582 super
352 1511 550 1582 quaestione
573 1511 608 1566 ln
631 1511 780 1571 emtione
800 1509 1015 1582 praecedenti
1035 1525 1113 1584 pro-

349 1581 462 1656 posita
488 1579 695 1636 sentiendum
722 1579 883 1638 videatur.

181 1711 207 1766 1.
244 1711 333 1766 Utin
356 1710 522 1780 quaestione
545 1709 662 1766 diiioili
683 1719 711 1766 et
732 1711 852 1766 obseura
873 1712 966 1766 lucem
982 1712 1112 1781 aliquam

121 1791 286 1856 afferamus,
316 1805 408 1859 neque
433 1799 530 1844 tamen
558 1791 665 1845 limites
693 1789 777 1844 nobis
806 1791 967 1862 propositos
991 1791 1113 1847 excedu-

120 1885 200 1935 ntur,
225 1869 281 1924 tria
301 1869 349 1924 ltin
370 1869 497 1924 breviter
516 1885 569 1940 pro
590 1871 674 1924 illius
693 1871 866 1934 resolutione
889 1869 1016 1924 dicenda
1039 1881 1113 1926 sunt.

147 1948 150 1958 '
180 1948 309 2006 Primum
337 1957 395 2015 est,
424 1949 500 2004 nihil
528 1949 624 2005 adhue
652 1949 689 2004 ab
716 1949 848 2006 Ecclesia
876 1949 1030 2006 definitum
1056 1967 1114 2006 esse

117 2043 207 2098 super
227 2028 282 2084 ille
303 2029 487 2099 quaestione,
516 2043 550 2084 ao
576 2029 700 2098 proinde
725 2029 850 2086 liberum
871 2042 932 2086 esse
954 2033 1114 2102 uuicuique

120 2107 197 2164 illud
218 2117 330 2175 tenere,
351 2107 431 2178 quod
449 2106 509 2162 sibi
530 2107 713 2178 probabilius
734 2107 889 2164 videbitur.

125 2217 128 2222 ·
147 2215 150 2222 .
180 2187 216 2241 lit
236 2188 369 2260 quamvis
391 2187 437 2256 (ut
455 2189 568 2243 sincere
580 2187 756 2260 loquamur)
777 2205 875 2244 verum
893 2184 997 2256 sit,'s.
1014 2190 1115 2261 Augu·

120 2269 228 2322 atinum
256 2268 348 2339 magis
373 2265 552 2336 propendere
574 2269 604 2322 in
626 2270 899 2334 commolentium,
928 2281 1002 2338 quoe
1033 2269 1112 2335 dicit,

121 2347 290 2404 eiectionem
319 2346 358 2400 ad
385 2347 506 2418 gloriam
535 2349 639 2402 laetam
667 2363 728 2402 esee
749 2355 815 2402 ante
840 2347 972 2416 praevisa
993 2351 1112 2402 merita:

121 2425 184 2497 ejus
206 2426 498 2493 tamen-authoritas,
526 2427 596 2480 lieet
617 2428 741 2481 maxime
762 2426 911 2492 iaciendo,
937 2427 1052 2481 nullom
1072 2444 1113 2482 se·

122 2519 187 2560 aum
206 2505 287 2560 Fidei
308 2506 516 2576 obligationem
537 2507 665 2572 invehit,
687 2507 809 2562 utentis
830 2505 950 2560 evidens
970 2513 1031 2572 est3
1055 2513 1114 2561 tum

121 2601 158 2640 ex
178 2599 228 2652 eo,
250 2583 330 2656 quod
351 2593 392 2639 tot
412 2585 532 2640 maximi
553 2586 679 2640 nominis
701 2586 854 2653 Doctores,
876 2595 904 2639 et
921 2586 1048 2640 maxime
1064 2587 1114 2640 Ca·

121 2665 238 2732 thelim,
262 2665 312 2735 qui
334 2665 459 2720 sectione
479 2663 666 2733 praecedenti
687 2666 767 2720 citati
789 2673 870 2735 sum¹
891 2679 948 2718 non
966 2664 1064 2718 solum
1078 2663 1113 2718 ab

73 2787 79 2791 .
120 2745 192 2812 hta,
213 2743 266 2802 sed
285 2751 313 2799 et
332 2741 370 2798 ab
391 2743 458 2798 eliis
479 2745 613 2812 plurimis
635 2745 662 2800 S.
677 2745 834 2816 Augustini
850 2743 1000 2799 sententiis
1015 2755 1113 2814 aperte

122 2819 298 2891 dissideant3
329 2831 388 2878 tum
416 2824 503 2878 etiarn
531 2816 568 2878 etr
595 2827 649 2891 iis,
679 2839 752 2894 quae
780 2823 855 2880 idem
885 2823 911 2876 S.
932 2823 1113 2894 Augustinus

121 2918 173 2971 pro
195 2903 337 2974 singulari
356 2919 408 2958 sua
429 2911 459 2958 et
477 2919 603 2972 prorsus·
616 2903 784 2960 admirabili
803 2902 992 2958 modestiaet
1019 2903 1113 2958 humi·

121 2981 219 3048 litam,
243 2983 279 3036 de
300 2997 330 3036 se
351 2984 415 3054 ipso
437 2997 471 3037 ae
491 2985 608 3054 seriptis
630 2984 688 3038 suis
711 2983 787 3038 dixit
804 2983 895 3037 variis
916 2983 948 3036 in
969 2982 1062 3050 loeis,
1087 2989 1113 3038 et

121 3063 291 3130 praesertim
312 3062 343 3116 in
365 3063 448 3132 epist.
466 3061 491 3116 7.
514 3063 552 3116 ad
572 3063 792 3134 Marcellinum,
814 3070 842 3117 et
863 3063 893 3116 ln
911 3063 1035 3134 prologo
1051 3079 1111 3117 sua·

122 3155 185 3194 rum
213 3141 454 3198 retractationum.
506 3141 652 3210 Quamdiu
678 3143 757 3197 euim
784 3157 870 3212 super
897 3141 997 3211 aliqua
1025 3158 1111 3214 quae·

121 3219 213 3274 stione
236 3219 311 3273 nihil
326 3219 363 3274 eb
376 3221 508 3276 Ecclesia
522 3221 673 3276 definitum
691 3230 746 3288 est,
769 3222 926 3292 unicuique
940 3222 1002 3274 sine
1016 3221 1111 3294 eujus-

122 3311 209 3366 quam
229 3297 411 3369 praejudieio
431 3301 467 3354 iu·
483 3316 642 3356 suosensu
662 3301 808 3356 abundare
828 3301 1001 3370 permissum
1024 3311 1077 3356 ert.

182 3375 209 3430 2.
252 3377 415 3442 Secundum
441 3387 501 3446 est,
534 3380 612 3450 quod
639 3381 710 3435 licet
735 3387 857 3452 utraque
884 3381 1027 3437 sententie
1055 3395 1109 3436 non

121 3453 216 3510 solum
236 3457 274 3511 eit
293 3457 397 3525 pietati
417 3467 625 3525 consentanee,
653 3458 704 3512 sed
732 3467 760 3516 et
787 3460 922 3530 plurimis
943 3467 1003 3514 tum
1025 3463 1108 3515 ratio-

82 3531 84 3535 ’
122 3531 223 3601 nibus,
260 3543 321 3590 tum
350 3535 573 3592 authoritatibus
601 3538 753 3594 fulciaturr
785 3541 869 3595 illam
898 3549 1007 3608 amen,
1038 3553 1107 3612 quae
