2294 3892
111 197 174 268 aad
515 215 554 258 or
578 213 697 258 carru.

109 337 227 410 justitia
246 333 331 390 nobis
352 335 510 405 imputata,
541 347 635 406 neque
663 335 750 390 etiam
776 335 840 412 sola
861 335 1021 390 extrinseca
1040 351 1115 404 peo-

113 423 241 473 catorum
262 413 489 480 condonatione,
514 413 566 469 sod
593 414 692 484 aliquo
713 413 776 468 alio
795 413 872 470 douo
894 415 1114 482 supernaturali

113 495 198 552 nobis
218 495 396 560 inhaerente,
418 508 484 550 rere
506 502 534 550 et
553 493 714 548 formaliter
726 493 892 566 justificari.
930 493 1018 560 Quod
1032 501 1115 549 aute-

114 591 200 648 quam
220 573 385 644 probemus,
508 645 511 652 .
607 579 613 586 ‘

174 651 394 712 Observandum
416 661 473 719 est,
496 667 549 706 nos
568 651 618 706 hic
639 668 751 706 sumere
772 667 876 706 nomen
893 651 1031 722 justitiae
1052 669 1112 706 non

111 740 199 806 prout
219 733 373 804 specialem
393 732 476 808 illam
498 731 632 786 virtutem
660 731 813 798 moralem,
847 746 921 808 quae
944 730 998 801 jus
1025 749 1113 788 suum

110 813 269 886 unicuique
290 811 402 867 reddit:
432 809 483 866 sed
510 822 597 884 prout
624 812 655 866 iu
678 811 833 881 scripturis
861 809 1111 880 frequentissime,

112 891 337 966 praesertimque
358 891 389 946 iu
410 888 550 962 Epistolis
571 889 599 945 S.
621 889 705 944 Pauli
732 891 889 960 accipitur:
921 890 1037 945 scilicet
1058 907 1113 960 pro

113 969 286 1028 rectitudine
306 971 503 1036 insisteres,
526 983 584 1044 quo
603 970 688 1025 homo
709 969 783 1024 bene
803 984 837 1024 ac
857 977 935 1024 recte
956 969 1113 1024 ordinatur

114 1065 182 1124 erga
202 1050 304 1104 Deum.
344 1050 372 1104 A
393 1064 451 1120 qua
466 1047 584 1120 justitia
603 1050 645 1104 sic
665 1049 814 1104 intellecta
834 1048 986 1104 derivatur
1007 1065 1113 1104 nomen

107 1129 342 1204 justificationis:
372 1129 450 1200 quod
472 1128 604 1200 quidem,
634 1130 659 1186 si
679 1135 807 1184 sumatur
827 1128 856 1182 in
881 1129 960 1196 fieri,
992 1129 1116 1184 denotat

113 1209 330 1266 translationem
351 1209 478 1264 hominis
500 1224 516 1261 a
537 1215 613 1262 statu
631 1209 752 1278 peccati
778 1207 816 1260 ad
843 1214 949 1262 statum
973 1207 1114 1278 justitiae

114 1299 144 1346 et
164 1289 341 1355 sanctitutis3
371 1304 427 1360 quo
454 1295 539 1342 sensu
561 1289 704 1358 accipitur
725 1289 766 1362 in
779 1287 911 1342 Concilio
935 1285 1113 1342 Tridentino

113 1382 183 1426 test.
204 1368 231 1422 d.
262 1381 325 1437 cap.
346 1367 373 1423 t.
404 1369 429 1423 si
456 1380 524 1422 vero
551 1375 679 1422 sumatur
704 1367 832 1421 infacto
855 1382 935 1436 csse,
958 1367 1114 1440 siguificat

115 1447 268 1504 luminum
290 1447 372 1502 illius
392 1447 608 1514 translationis,
638 1447 689 1516 qui
709 1453 769 1501 est:
798 1443 945 1500 hominem
975 1461 1039 1501 esse
1064 1447 1115 1518 ju·

113 1535 204 1594 stum,
233 1533 262 1581 et
288 1542 355 1599 erga
380 1527 471 1581 Deum
501 1533 576 1580 reete
604 1541 634 1580 se
661 1523 776 1581 habere.
827 1525 885 1580 Hac
906 1522 1116 1580 observatione

116 1623 150 1662 su
193 1607 266 1660 osita
789 1613 792 1618 “
887 1631 889 1634 -

75 1689 77 1694 ’
123 1706 126 1712 ·
151 1619 203 1740 ΡΞ.
238 1684 413 1738 desertionis
429 1691 549 1738 nostrae
571 1685 675 1738 veritas
690 1683 830 1752 probatur
847 1681 872 1737 i.
895 1697 933 1737 ex
945 1685 1111 1755 Scriptura

114 1763 196 1820 Rom.
219 1763 246 1817 d.
295 1761 372 1816 Sicut
392 1781 447 1832 per
474 1761 681 1818 inobedientium
708 1765 788 1817 unius
813 1765 927 1818 dominis
947 1775 1112 1833 peccatores

115 1843 251 1898 constituti
277 1851 338 1896 sant
364 1843 453 1906 malti,
484 1845 524 1897 ita
545 1861 600 1913 per
624 1845 704 1896 unios
725 1843 900 1898 obeditionem
914 1845 988 1912 justi
1010 1849 1114 1898 consu-

114 1929 221 1980 tuentur
238 1923 325 1975 malti.
374 1921 454 1977 Sicut
473 1923 564 1996 igitur
583 1937 635 1993 per
655 1919 883 1978 inobedientium
903 1922 1014 1978 Adami
1042 1939 1111 1977 con-

115 2002 209 2059 stituti
230 2017 327 2056 snmus
346 1999 465 2074 injusti,
493 2017 552 2056 non
574 2002 637 2056 sols
656 2001 801 2074 injustitia
822 2000 884 2074 ejus
905 1999 994 2058 nobis
1016 2003 1112 2072 impu·

115 2089 190 2148 tata,
219 2079 269 2135 sed
296 2077 440 2152 injustitia
465 2081 565 2151 aliqua
586 2081 670 2136 nobis
692 2097 757 2138 vero
779 2081 937 2136 intrinseca
957 2090 989 2137 et
1009 2082 1112 2137 inhae-

115 2169 211 2234 rente,
240 2168 272 2216 ut
289 2159 485 2232 probavimus
514 2167 636 2216 tractatu
650 2159 677 2215 t.
698 2161 752 2216 ubi
772 2161 807 2214 de
828 2167 947 2230 peccato
968 2163 1112 2234 originali

115 2243 241 2314 murus:
262 2243 305 2294 ita
325 2253 362 2296 ex
378 2247 473 2296 mente
487 2241 624 2310 Apostoli
638 2253 691 2310 per
705 2240 899 2296 obeditionem
915 2239 1028 2295 Christi
1042 2257 1112 2296 eorr-

116 2321 262 2376 stituimur
283 2327 310 2374 et
331 2319 471 2376 efficimur
487 2317 579 2391 justi;
600 2337 659 2376 non
680 2321 744 2374 sole
759 2319 877 2392 justitia
891 2319 1002 2375 Christi
1024 2321 1109 2376 nobis

114 2399 272 2472 imputata,
301 2399 353 2454 aed
376 2416 431 2470 pcr
454 2399 599 2472 justitiam
627 2399 712 2454 nobis
739 2399 925 2454 intrinsecam
951 2407 981 2454 et
1009 2401 1111 2456 inhae-

116 2485 235 2536 rentem.
276 2479 314 2536 Et
336 2477 361 2534 1.
382 2480 446 2535 Cor.
469 2480 496 2534 6.
537 2479 577 2532 Et
597 2480 663 2535 daec
682 2479 789 2549 quidem
806 2479 916 2549 ficietis,
944 2481 996 2533 sed
1023 2481 1113 2535 abbati

116 2561 187 2623 ertia,
210 2559 259 2612 sed
277 2559 439 2627 sanctificati
457 2561 529 2624 estis,
551 2559 601 2612 esd
614 2559 758 2629 justificati
777 2557 932 2614 eatiarubi
945 2559 1110 2628 Apostolus

115 2637 275 2708 explicans,
298 2635 370 2707 quid
389 2639 427 2692 sit
447 2637 593 2692 hominem
613 2652 674 2692 csse
691 2633 894 2708 justificatum,
917 2637 1007 2705 dicit,
1024 2638 1110 2694 idem

116 2733 178 2776 esse
200 2731 233 2774 ac
254 2715 383 2772 ablutum
405 2725 434 2772 et
454 2718 662 2777 sanctificatum
684 2731 753 2784 essa
788 2717 825 2771 lit
846 2717 883 2771 ad
898 2717 956 2771 Tit.
973 2717 1002 2772 3.
1020 2717 1110 2790 justi·

116 2797 280 2876 ductionem
302 2796 454 2858 dicii-esse
472 2799 727 2868 regenerationem,
747 2797 974 2866 renovationem,
996 2797 1112 2852 effusio·

113 2889 182 2934 nem
204 2877 328 2947 Spiritus
356 2877 456 2932 sancti.
493 2876 580 2942 ¹Quae
600 2876 689 2930 verba
709 2871 828 2931 desole
851 2873 986 2946 justitiae
1013 2875 1111 2947 impu·

118 2958 235 3023 wdone,
256 2957 305 3012 vei
323 2959 486 3024 extrinseca
499 2963 689 3028 peccatorum
711 2955 938 3022 condonatione,
962 2957 1109 3026 explicari

118 3045 273 3104 nequeunt,
296 3035 347 3096 sed
360 3035 476 3106 aliquid
488 3037 574 3107 longe
587 3035 680 3106 maJnr
695 3031 868 3105 significant,
883 3049 917 3088 ac
930 3035 1057 3105 proinde
1071 3034 1108 3090 de

119 3111 195 3168 dono
217 3115 320 3183 aliquo
333 3115 543 3189 supernaturali
558 3115 642 3170 uobis
656 3115 821 3168 inhaerente
835 3113 962 3185 intelligi
978 3115 1094 3170 debent.

150 3193 151 3196 ’
176 3191 322 3266 Probatur
337 3193 365 3247 2.
395 3211 432 3249 ex
458 3195 569 3250 Concil.
596 3193 681 3250 -Trid
701 3209 776 3266 ¹sess.
796 3193 823 3248 6.
850 3209 874 3248 c.
897 3191 943 3247 11.
993 3195 1029 3248 Si
1048 3197 1105 3266 pair

118 3271 223 3332 dixerit,
247 3271 525 3344 looaiuesrjsrstificcri,
548 3275 591 3327 uel
602 3275 661 3328 solo
674 3275 847 3344 inspectatione
854 3270 979 3342 justitiae
997 3275 1103 3337 Ode-isti

118 3348 162 3398 cel
179 3348 238 3399 solo
251 3355 426 3414 peccatorum
441 3355 603 3419 remissione,
627 3355 735 3408 excluso
747 3355 840 3423 pretia
852 3362 879 3406 et
892 3355 1015 3417 cordate,
1039 3371 1107 3424 quoe

118 3425 146 3474 in
167 3425 291 3476 cerotem
312 3439 401 3478 eoram
416 3431 614 3501 perspiritum
634 3443 754 3488 sanctum
775 3433 944 3503 dffmdutur
957 3441 1040 3504 etque
1053 3433 1106 3486 tter

117 3501 270 3562 induerim,
300 3505 447 3558 ostreorum
466 3513 596 3576 proriam,
625 3529 679 3583 quo
692 3513 888 3582 joetidcomur.
917 3527 973 3566 esee
1003 3521 1105 3566 tostam

107 3577 235 3643 sanorem
255 3578 317 3642 Dei,
340 3584 570 3664 ιιιιιιιήιιιιιιιιι.4
656 3629 662 3634 .
