2324 3886
117 67 177 132 120
334 150 338 158 Ι
553 81 672 131 nanno.

114 219 161 260 eos
183 221 199 258 s
220 203 314 273 gloria
335 201 506 280 excludere,
531 217 565 257 ac
586 203 649 256 illis
670 202 830 261 secundans
848 210 1044 272 peecatorum
1067 215 1123 260 nse·

112 285 199 340 ritum
221 281 415 338 damnationis
435 289 567 336 aeternae
588 297 696 352 poenas
718 283 860 353 indigere.

175 361 297 429 Quando
325 369 420 418 autern
447 363 505 416 ista
533 360 658 418 debeant
685 362 830 432 intelligi,
863 369 891 417 et
917 377 977 432 qua
1007 364 1121 418 ratione
1145 391 1146 398 2

111 441 338 514 praedestinatio
360 457 393 496 ac
414 441 580 510 reprobatio
602 441 678 498 inter
697 456 727 495 se
750 441 1052 507 differant‚'evitlens
1075 444 1119 498 fiet

115 537 152 578 ex
173 521 313 576 dicendis.
829 519 836 532 ''

453 741 684 812 SEOTIO
725 743 769 810 11.

132 873 219 947 erid
238 873 338 930 Pisias
357 873 526 930 oetbolica
545 871 586 930 de
604 869 909 952 praedestinatione
927 875 962 930 at
979 887 1104 947 repro-

269 965 272 970 ·
340 941 476 999 batim
493 941 692 999 eradendum
709 943 883 1014 proponat.

177 1074 201 1128 i.
245 1073 420 1143 Praecipuae
442 1073 490 1130 irio
511 1073 647 1128 veritates
668 1073 747 1130 cirea
767 1074 1075 1142 praedestinationem
1094 1081 1117 1127 et
1145 1109 1146 1114 κ

114 1153 346 1224 reprobationem
369 1153 441 1208 Fide
462 1155 607 1208 catholica
628 1153 795 1219 credendas,
818 1155 883 1208 enin
897 1154 1054 1210 erroribus
1070 1171 1115 1224 op·

99 1233 216 1304 *positis
238 1232 274 1286 ab
296 1233 428 1288 Ecclesia
449 1233 619 1304 proscriptis
646 1241 674 1286 et
703 1233 862 1302 damnetis,
890 1233 1025 1288 breviter
1054 1249 1115 1304 pro-

113 1328 270 1382 ponemus3
293 1313 407 1387 reliqua
421 1329 499 1380 vero,
522 1327 596 1384 qnae
610 1312 648 1366 od
662 1313 783 1368 candem
798 1315 946 1374 materiam
968 1321 1110 1383 spectant,

112 1393 144 1446 in
166 1391 352 1461 sequentibus
374 1393 553 1450 sectionibus
575 1391 799 1462 explicabimus.
1013 1444 1019 1453 ,

174 1470 337 1526 Dicendum
360 1474 449 1543 igitur
467 1471 491 1529 i.
513 1470 585 1526 Fide
606 1469 752 1528 catholica
771 1471 1057 1540 credendumesse,
1086 1473 1112 1525 in

113 1551 173 1606 nso
194 1551 491 1619 praedestinationem
512 1567 546 1608 ac
567 1549 801 1620 reprobationem
821 1565 888 1606 vere
905 1553 1043 1620 reperiri,
1065 1567 1112 1606 seu

113 1631 206 1686 Deum
227 1630 340 1700 aliquos
356 1631 392 1686 de
407 1633 481 1686 iacto
496 1630 734 1700 praedestinasse,
756 1631 829 1686 alios
845 1646 912 1699 vero
930 1631 1111 1700 reprobasse.

174 1711 251 1766 Haec
275 1713 383 1764 veritas
411 1725 545 1780 expresse
572 1710 695 1766 habetur
722 1710 755 1764 in
777 1709 942 1780 seripturis.
986 1711 1065 1780 Eph.
1089 1711 1109 1764 i.

112 1791 331 1844 Pruedestinoot't
351 1807 400 1844 nos
421 1792 449 1843 ia
470 1792 640 1862 adoptionem
652 1791 776 1859 filioram
791 1808 844 1860 per
857 1791 950 1844 Jeassm
966 1791 1109 1846 Olor-istum.
1136 1798 1140 1810 '

112 1869 147 1924 In
169 1868 268 1924 eodem
290 1871 400 1938 capite:
424 1871 638 1942 loqueremur
653 1871 863 1946 praedestinati,
885 1871 1035 1924 amandum
1043 1887 1112 1941 pro-

106 1950 227 2020 positum
255 1949 325 2018 ejas,
354 1951 401 2021 qui
428 1959 556 2020 operatur
582 1951 671 2004 omnio
691 1951 835 2005 secusdum
856 1951 997 2005 eonsilium
1019 1952 1111 2004 voluc-

112 2030 177 2082 tutia
197 2040 271 2082 ecoe.
305 2031 372 2098 Sap.
387 2029 414 2084 9.
435 2031 503 2087 Noli
522 2047 563 2082 me
577 2029 723 2099 reprobare
737 2031 860 2098 opereris
875 2031 935 2084 tuis.
959 2028 1051 2084 Hebr.
1069 2027 1110 2082 te.

113 2109 191 2162 Esou
211 2110 370 2178 reprobatus
392 2120 447 2175 est,·
468 2127 521 2162 noo
542 2110 612 2162 enim
633 2110 734 2162 invenit
749 2111 933 2178 poenitentioe
954 2110 1052 2168 locum.

172 2187 281 2245 Eadem
302 2191 407 2246 veritas
429 2191 516 2244 etiam
537 2189 673 2244 asseritur
694 2203 713 2240 a
734 2190 782 2242 SS.
802 2188 955 2256 Patribus,
981 2203 1108 2256 praeser-
1145 2233 1146 2236 ,

113 2269 222 2338 timque
241 2285 268 2322 ,a
295 2271 324 2322 S.
347 2271 509 2340 Augustino
536 2267 568 2322 in
599 2275 659 2323 toto
691 2268 743 2322 lib.
777 2268 812 2322 de
841 2267 1106 2324 Praedestinatione

112 2357 276 2404 sanctorum
298 2357 327 2404 et
346 2349 419 2409 alibi
441 2351 558 2418 passim.
905 2371 909 2382 =

122 2457 126 2463 ,
172 2428 257 2482 Ratio
279 2431 355 2483 enim
378 2431 568 2500 suffragatur,
590 2427 674 2496 quia,
697 2442 762 2482 oum
783 2427 854 2484 Fide
875 2427 979 2482 divina
1001 2435 1106 2483 certum

110 2508 164 2574 sit,
187 2507 327 2577 quosdam
350 2509 481 2562 homines
502 2513 647 2560 aeternam
661 2505 783 2560 salutern
797 2523 850 2576 per
865 2508 972 2562 Christi
987 2508 1106 2577 gratian

111 2573 275 2658 eonsequi„
295 2595 403 2642 certum
430 2587 518 2642 etiam
547 2601 607 2640 esse
634 2585 735 2652 debet,
766 2587 857 2644 Deum
878 2587 915 2640 iis
938 2588 1061 2658 gratiam
1081 2591 1106 2637 et

111 2667 233 2738 gloriam
254 2665 337 2719 illam
359 2667 396 2720 ab
417 2673 532 2720 aeterno
561 2679 765 2734 praeparasse,
795 2681 860 2722 cnm
883 2667 959 2720 Deus
981 2667 1057 2720 nilril
1077 2666 1104 2717 in

111 2755 238 2815 tempore
268 2747 372 2812 saciet,
405 2744 485 2816 qnod
516 2745 553 2800 ab
585 2754 700 2800 aeterno
730 2747 824 2800 iecere
853 2761 911 2800 non
939 2744 1101 2800 decreverit.

109 2821 141 2878 E'
156 2832 255 2880 contra
277 2841 342 2880 curn
364 2833 474 2880 certum
495 2825 542 2891 sit,
565 2825 671 2878 multos
690 2825 760 2882 huie
774 2827 883 2894 gratiae
899 2825 1006 2890 deesse,
1030 2824 1104 2880 ideo·

110 2906 166 2974 que
188 2905 310 2974 gloriam
331 2906 413 2961 illam
435 2921 492 2960 non
514 2905 670 2975 consequi,
696 2911 805 2958 certum
826 2912 869 2960 est
890 2906 991 2970 etiam,
1017 2905 1102 2962 Deum

74 2987 78 2992 '
110 2981 148 3046 ob
170 2988 289 3051 peccate
310 2984 429 3042 iliorum
449 2985 585 3056 praevisa
606 2985 770 3042 decrevisse
792 2985 829 3038 ab
858 2993 991 3050 aeterno,
1022 2995 1101 3036 ensa

110 3063 203 3133 gloria
224 3063 388 3117 excludere.

77 3139 80 3149 '
169 3141 195 3197 2.
219 3141 382 3196 Dicendum
396 3143 423 3196 2.
446 3143 515 3200 Fide
534 3144 676 3217 catholica
691 3142 870 3200 credendum¹
883 3137 953 3212 esse3
975 3157 1011 3198 ex
1024 3147 1099 3210 parte

107 3221 316 3290 praedestinati
337 3223 447 3277 nullam
469 3223 586 3278 omnino
609 3222 673 3276 dari
688 3237 804 3278 cansam
818 3220 1096 3292 praedestinationis,

108 3301 134 3354 si
152 3308 284 3354 sumatur
304 3301 540 3370 praedestinatio,
560 3311 648 3372 prout
668 3301 898 3370 comprehendit,
921 3316 979 3358 non
994 3307 1096 3355 tantum

15 3383 16 3388 ’
108 3375 277 3434 electionem
299 3379 337 3432 ad
358 3380 496 3449 gloriam,
522 3379 682 3441 sedetiam
703 3381 954 3449 praeparationem
970 3380 1097 3440 ‚omnium

15 3489 19 3610 l

107 3456 278 3530 gratiarum,
300 3475 351 3512 sen
374 3457 519 3515 decretum
540 3457 711 3516 conferendi
730 3461 830 3514 omnia
852 3461 960 3530 gratiae
982 3459 1095 3522 auxilia,
