2332 3880
140 89 180 154 10
416 107 621 156 uusnsmorvss
640 105 853 152 ιιιοιιιιιιιιι.
926 125 930 130 -

198 225 361 282 Dicendum
390 225 415 280 ι.
452 225 641 318 Theologiam
672 241 730 282 non
763 241 824 283 esre
852 229 1004 284 scientiam
1034 229 1141 284 stricte

137 312 281 400 sumptam
312 321 345 360 eo
376 303 478 379 modo,
508 321 565 376 quo
594 305 732 392 scientiae
763 319 869 361 nomen
900 323 918 364 a
945 306 1141 378 Philosophis

138 386 213 442 sumi
234 385 314 440 solet.

196 465 245 520 Ad
272 465 426 532 rationem·
439 464 516 520 enim
536 465 674 520 scientiae
697 465 854 522 secundum
875 467 944 525 illos
966 467 1142 540 requiritur,

137 553 169 600 ut
197 545 235 599 ιιι
263 545 391 615 cognitio
419 551 496 600 certa
523 551 551 598 et
578 543 706 599 evidens.
756 544 893 612 Quamvis
922 553 1017 602 autem
1040 547 1142 602 Theo·

137 625 216 696 logia
236 625 275 678 sit
295 625 470 690 certissima,
499 624 557 678 imo
585 625 720 678 scientias
749 639 936 698 quascunque
958 625 1141 682 certitudine

137 722 172 760 an
176 705 308 784 tecellat,
336 720 394 762 non
423 709 464 758 est
491 710 586 780 tamen
614 703 752 772 evidens,
786 721 851 761 eum
883 704 945 780 ejus
972 705 1141 781 principia,

136 799 210 856 quae
231 801 262 838 a
252 745 341 838 Fide
360 789 513 854 petuntur,
527 775 658 838 obseura
678 784 740 838 sint
758 791 787 838 et
806 781 993 840 inevidentia

196 863 358 920 Dicendum
385 861 637 933 2·.Theologir1n
671 879 729 918 nou
761 880 822 918 esse
855 864 956 920 Fidem
989 865 1138 932 divinam,

137 944 270 1016 quamvis
291 959 354 996 eam
375 950 605 1015 praesuppouat‚
628 943 743 1016 ipsique
765 945 914 1014 innitatur.

198 1023 374 1094 'l'heologica
408 1015 566 1092 siquidem·
583 1021 719 1077 doetrina
753 1021 915 1078 discursive
949 1032 1009 1090 est,
1044 1024 1139 1079 Fides

136 1113 230 1158 autem
251 1102 334 1156 nullo
356 1103 447 1156 utitur
468 1101 617 1171 discursu,
641 1101 691 1156 sed
713 1103 744 1156 in
759 1103 824 1174 ipsa
837 1103 1014 1158 revelatione
1029 1103 1139 1158 divina

136 1181 310 1254 simpliciter
331 1181 497 1252 acquiescit.

196 1261 359 1319 Droendum
375 1262 401 1314 3
430 1261 635 1341 Theologiam,
658 1263 790 1334 quamvis
809 1277 862 1317 neo
877 1263 998 1317 scientia
1011 1265 1136 1332 proprie

136 1341 231 1408 dicta,
262 1357 317 1395 nec
344 1340 430 1395 Fides
458 1342 512 1407 sit,
541 1355 578 1394 ex
605 1348 724 1410 utraque
752 1348 848 1396 tamen
876 1341 991 1412 aliquid
1011 1343 1137 1411 partini·

133 1433 221 1492 pern:
244 1419 308 1475 eri
304 1419 408 1476 ιιιι.
404 1420 533 1490 quidem
551 1421 768 1483 ιιιιιιιιιιιιιι
787 1435 855 1479 eam
875 1421 1137 1489 insudarem&

135 1501 258 1556 scientia
279 1515 363 1566 vero,
386 1508 445 1556 tum
468 1499 686 1566 certitudinem,
708 1507 768 1554 tum
784 1500 966 1555 discurrendi
980 1501 1135 1554 rationem.

133 1592 142 1607 .
196 1579 342 1646 Quatenus
363 1579 440 1634 enim
461 1579 563 1650 nititur
575 1579 739 1654 *priuelpiis
755 1595 811 1650 ,per
825 1571 964 1634 divinam
977 1571 1136 1636 revelatio-

72 1677 74 1681 *
135 1673 202 1714 nem
220 1659 370 1730 cognitis,
400 1675 437 1713 ex
453 1658 537 1713 Fide
563 1658 667 1726 habet,
681 1673 684 1678 ·
697 1659 783 1730 quod
799 1661 837 1714 sit
857 1661 1030 1730 certissima,
1045 1685 1047 1692 ¹
1061 1659 1136 1715 lieet

135 1737 307 1794 inevidena
354 1735 508 1810 Quatenus
529 1750 597 1794 vero
625 1739 825 1795 conclusiones
845 1741 968 1812 'aliquas
1000 1754 1036 1794 ex
1054 1741 1134 1794 illis

130 1818 291 1889 principiis
319 1831 371 1886 per
399 1817 561 1874 discursum
586 1818 683 1885 elicit,
689 1836 692 1844 ·
713 1833 750 1872 ex
778 1813 899 1872 scientia
919 1819 1022 1886 habet,
1052 1819 1135 1889 quod

133 1899 173 1952 sit
195 1897 357 1952 discursive
378 1913 432 1952 seu
449 1898 691 1970 argumentatlva,
715 1896 859 1969 simulque
876 1915 917 1953 ex
938 1899 992 1952 illo
1013 1901 1134 1953 certitu-

129 1965 234 2031 dinem
255 1977 338 2032 illam
361 1978 482 2046 accipit,
506 1993 582 2047 quae
600 1977 764 2047 peripsam
788 1977 972 2074 discurrendi
988 1979 1133 2078 rationem

134 2057 238 2112 haberi
259 2063 360 2125 potest.

196 2133 400 2190 Dicendumi.
425 2133 629 2207 Theologiam,
652 2139 677 2189 si
689 2135 824 2208 alicujus
844 2137 1055 2192 intellectualis
1081 2139 1132 2192 ha·

85 2241 93 2248 ι
134 2215 213 2270 bitus
235 2217 363 2272 nomine
374 2215 551 2284 appellanda
572 2215 625 2280 sit,
640 2216 712 2268 'dici
732 2231 816 2286 posse
834 2217 1020 2284 sapientiam.

128 2309 133 2318 ·
196 2295 389 2364 Proprietates
411 2295 553 2365 siquidem
576 2311 689 2360 omncs,
721 2309 794 2365 quae
823 2297 982 2364 sapientiae
1004 2311 1132 2350 eommu-

135 2378 211 2428 niter
233 2374 412 2442 tribuuntur,
434 2376 559 2428 maxime
580 2373 628 2428 illi
643 2375 827 2428 conveniunt.
865 2376 938 2428 Sunt
952 2383 1045 2430 autem
1062 2393 1132 2446 qua·

130 2459 200 2509 tuor
220 2455 394 2524 praecipuae
415 2469 431 2506 a
453 2451 631 2522 Philosopho
652 2453 704 2506 lib.
723 2451 747 2506 l.
782 2451 842 2506 Met
831 2455 908 2524 taph
932 2469 993 2523 cap.
1011 2453 1037 2509 2.
1062 2471 1132 2510 enu-

135 2541 269 2587 ruerata‘e

130 2626 134 2634 ’
197 2613 306 2668 Prima
320 2617 378 2678 est,
402 2611 579 2679 sapientiam
608 2625 668 2665 esse
696 2613 891 2683 cognitionem
917 2560 1130 2668 universalissi-

133 2707 219 2746 mum.
255 2692 295 2745 At
316 2651 399 2744 nulla
419 2690 553 2745 doctrino
566 2692 759 2746 universalior
774 2705 834 2746 esse
849 2698 942 2761 potest
955 2693 1021 2762 ipsa
1037 2693 1129 2747 Theo-

135 2771 229 2844 logia‚
252 2785 326 2841 quae
348 2771 439 2840 Deum
455 2770 584 2838 ‘ipsums
596 2771 646 2840 qui
667 2777 714 2824 est
728 2773 824 2840 prima
838 2779 866 2825 et
881 2772 1129 2827 universalissima

128 2865 230 2917 ‘eausa
253 2859 389 2920 tanquam
404 2849 568 2920 principale
582 2849 726 2922 objectum
742 2867 822 2904 suum
838 2851 1010 2905 considerat.
1041 2851 1129 2906 Unde

68 2925 70 2928 ’
124 2931 221 2984 ²etiam
249 2929 463 3000 aliquomodo
491 2937 602 2998 spectat
628 2930 785 2996 adillam,
817 2943 901 3004 agere
927 2931 966 2985 de
993 2931 1142 3008 omnibus¹

123 3009 237 3076 erebus,
267 3017 406 3079 qnatenus
434 3023 451 3061 a
472 3009 532 3062 Deo
560 3019 642 3076 suut,
671 3017 808 3080 tanquam
830 3025 953 3064 accuse
973 3012 1068 3080 prima
1090 3013 1128 3065 ei-

134 3089 259 3158 licien'te,
281 3087 334 3142 vel‘
344 3088 381 3142 sd
394 3089 639 3158 i'psumtanquam
654 3088 697 3142 sd
707 3090 839 3144 ultimum
855 3090 940 3144 finem
955 3091 1127 3144 referuntur.

145 3187 147 3192 ·
197 3165 509 3237 Secunda'sapientiae
530 3169 694 3238 proprietas
719 3175 778 3236 est,
807 3169 885 3239 quod
913 3171 951 3222 sit
978 3171 1055 3224 circa
1084 3183 1127 3224 res

135 3247 342 3313 difficillimas,
364 3248 537 3301 et'maxime
559 3249 728 3303 oeensibus
750 3256 880 3304 remotas.
914 3249 951 3303 Et
964 3249 1020 3303 hoc
1035 3249 1128 3304 Theo-

126 3328 230 3399 'logiae
262 3328 412 3396 convenit,
445 3341 510 3381 cum
539 3333 668 3382 versetur
699 3329 776 3383 circa
808 3329 1000 3400 cognitionem
1032 3343 1126 3382 rernm

136 3407 416 3476 supernaturalium,
450 3421 524 3476 quae
550 3415 619 3464 suut
646 3423 703 3462 uon
733 3409 825 3462 solum
853 3423 869 3462 a
897 3409 1045 3474 sensibus,
1076 3407 1127 3462 sed

134 3487 221 3542 etiarn
243 3486 279 3540 ab
300 3488 364 3557 ipsa
385 3487 495 3542 ratione
517 3487 643 3542 humana
657 3489 781 3542 manime
796 3491 934 3555 remotae,
957 3499 990 3544 ae
1004 3488 1126 3558 proinde
