2314 3888
253 158 505 242 cossutroctosss
525 197 569 242 ue
584 197 754 240 artsnouaa.
936 167 999 248 493

12 319 109 374 thoros
131 317 230 388 gaudii
251 316 400 374 celebrent
419 315 456 371 do
475 314 776 388 prohigsto‘lsnsenti
797 318 997 390 dogmatssnb

13 397 78 451 tanti
107 395 256 452 Pontillcis
283 397 442 466 auspiciis,
473 394 573 450 eodem
601 399 692 462 roto,
715 405 771 466 quo
802 399 908 454 Patres
928 401 998 456 olim

14 473 134 532 bontilli
154 475 398 531 ¹Chalcedonensis
414 475 671 552 ‘invrelatiotisad
695 475 879 531 Pulcheriam
901 481 1000 554 Augu:

13 565 87 610 stom.
132 555 173 610 ‘ie
192 555 571 612 enimuovtmus‘roontem
593 554 677 608 illum
699 554 832 620 Domini,
855 557 893 612 ad
914 565 999 630 quenl

13 637 154 690 confluunt
181 641 279 689 omnes
309 643 421 704 gentas,
453 633 494 688 itt·
513 643 555 688 est
582 649 615 688 ea
642 636 999 707 propensionoteruntur,

14 731 64 785 qua
83 715 205 772 demina
224 729 278 784 per
298 715 395 769 alveos
417 727 498 768 suos·
524 714 698 768 Adicite
718 715 849 781 dicimus,
872 717 912 770 ita
934 719 1001 772 ieri·

13 810 69 848 mur
89 793 218 864 pondera
248 795 402 848 amoris‘et
423 791 626 848 observantiae
643 795 676 848 in
700 792 741 847 'fe
758 798 885 850 'noemae
928 798 1001 853 llum

13 875 59 928 hae
87 883 186 944 partes
213 875 385 942 praecipuae
403 874 473 926 ·sini
499 873 647 928 Ecclesiae
667 870 843 929 'Gallicanae
873 873 1001 932 debitam

14 955 184 1022 apostolicae
204 951 275 1006 *sedi
304 952 442 1008 exhibere
464 953 669 1020 rererffltiam,
701 951 741 1008 're
762 955 856 1008 solnm
878 957 1002 1029 suspici-

14 1049 69 1087 nrus
96 1031 232 1104 tanquam
262 1029 385 1086 montem
413 1032 610 1102 coagulatum,
639 1042 765 1088 montem
790 1036 944 1106 pinguem,
974 1043 1003 1090 et

13 1115 198 1167 inclamamus
219 1111 397 1166 attendentes
420 1111 635 1182 gregi‘uostros·
662 1127 748 1182 snper
767 1126 852 1183 quom
876 1115 1001 1184 spititus

14 1201 126 1247 sanctus¹
142 1192 242 1261 posuit
262 1205 329 1256 nos,
352 1199 458 1260 rogero
470 1191 716 1246 ltcelnsiam'llei.
755 1193 803 1249 Ut·
816 1193 886 1262 quid
908 1197 1002 1264 cuspis

14 1275 114 1326 camini
127 1278 246 1324 'montes
268 1264 455 1341 coagulatos?
496 1269 615 1324 Nullum
636 1273 746 1344 'quippe
767 1274 900 1326 novimus
922 1286 1001 1328 mom

16 1357 63 1405 tem
85 1351 286 1422 coagulatum,
309 1363 395 1419 qoem
416 1350 621 1419 apostolicum,
645 1346 695 1404 nbi
709 1351 843 1404 doctrina
858 1354 1001 1421 coelestis,

15 1431 81 1486 sieut
102 1432 149 1484 lac
171 1429 317 1499 parvulis,
339 1429 412 1482 bene
433 1437 527 1484 nutem
548 1429 715 1483 valentibus
735 1437 872 1500 tanquam
888 1433 1001 1487 solidus

15 1511 90 1564 cibus
121 1509 308 1566 ministratur.
352 1508 385 1561 Iu
412 1509 468 1562 hoc
497 1517 592 1564 moute
621 1525 672 1563 noa
702 1510 759 1579 ipsi
783 1512 928 1586 pascimur
954 1509 1003 1584 (ut

16 1592 50 1644 ait
72 1591 103 1643 lt.
120 1589 300 1659 Augustinus
322 1587 365 1640 ad*
379 1588 521 1658 populum
543 1587 658 1660 suum),
685 1589 830 1658 pascimus
856 1599 929 1657 vos,
951 1595 1003 1662 pa'·

16 1672 116 1724 scimur
137 1668 297 1721 vobiscum.
339 1667 376 1721 Et
396 1669 466 1738 quia
486 1670 517 1721 in
545 1680 579 1723 ac
605 1669 744 1723 Dominus
764 1669 872 1736 docet,
901 1671 1003 1725 statui·

16 1765 70 1802 nus
101 1749 146 1802 ibi
179 1746 334 1801 secundum
366 1747 455 1801 verba
484 1744 681 1814 Tertulliani,
718 1749 802 1802 tinem
829 1749 1001 1818 quaerendi,

16 1829 161 1883 stationem
181 1825 336 1891 credendi,
358 1827 582 1894 expunctionem
603 1828 793 1905 inveniendi:
822 1827 914 1884 'luam
936 1843 1004 1902 ergo

18 1909 213 1975 authoritatem
229 1905 341 1959 nobis·
359 1906 420 1959 iore
450 1913 568 1974 praesto
591 1912 744 1974 ‘speramus
776 1907 914 1964 adversus
929 1917 931 1926 ’
945 1925 1004 1977 eos,

17 1989 61 2057 qui
81 1992 203 2042 omnem·
218 1985 396 2040 curiositatis
416 1981 571 2038 libidinem·
593 1985 750 2038 effundunt
763 1996 829 2056 post
855 1988 1004 2043 delinitam

16 2065 88 2120 Fidei
110 2065 287 2130 doctrinam,
317 2077 370 2118 nec
398 2064 434 2118 ad
455 2064 597 2118 Marciani
619 2065 729 2118 dictum
751 2067 917 2134 attendunt,
946 2083 1003 2138 que

17 2147 65 2212 ait,
94 2163 160 2200 cum
189 2144 253 2214 quis
282 2151 347 2212 post
371 2151 517 2214 acceptam
538 2141 619 2201 Fidei
640 2146 789 2201 veritatem
811 2147 925 2218 aliquid
945 2163 1004 2201 am-

17 2225 89 2292 plius
117 2224 247 2296 quaorll,
277 2223 458 2278 mendacium
488 2225 609 2294 quaerit.
658 2223 691 2276 In
721 2224 762 2277 'Pe
784 2234 894 2291 autem,
925 2227 1005 2280 velut

18 2303 42 2358 iu
62 2305 142 2360 Petri
163 2317 343 2368 successore,
365 2311 494 2358 nostrum
516 2303 642 2356 omnium
667 2303 806 2358 fortitudo
828 2306 940 2358 firmata
953 2314 1004 2373 est,

19 2398 76 2438 cum
105 2381 142 2438 ad
171 2382 411 2438 consultationem
439 2391 566 2436 nostram
594 2397 762 2452 responsum
788 2383 824 2436 ab
844 2385 1006 2454 apostolica

18 2463 79 2517 sede
109 2463 238 2517 manauit
265 2461 402 2516 adversus
431 2463 580 2516 scientiam
610 2463 676 2515 falsi
701 2463 843 2528 nominis,
872 2477 945 2533 quae
974 2463 1005 2518 in

19 2541 47 2594 D.
62 2542 219 2613 Augustini
242 2539 402 2595 doctrinam
422 2543 581 2608 invaserat,
612 2550 698 2611 atque
726 2539 788 2611 ejus
814 2543 929 2599 nomine
950 2545 1006 2598 cir·

18 2621 232 2678 oumierebatur.
283 2619 376 2674 Causa
403 2621 474 2675 haec
496 2620 558 2691 jam
585 2621 683 2687 finita,
712 2621 738 2674 si
766 2622 865 2691 aliqua
893 2624 1005 2678 novitas

17 2701 116 2756 iterum
144 2702 306 2764 emerserit,
339 2699 451 2770 indiget
478 2709 588 2755 tantum
617 2703 648 2754 in
677 2701 811 2754 solatium
841 2701 1005 2756 defensione

19 2779 94 2847 lua,
110 2789 149 2834 ut
169 2780 336 2842 Flavianus,
348 2779 383 2834 de
402 2779 514 2856 haeresi
534 2779 718 2850 Eutychiana
739 2780 776 2834 ad
790 2781 924 2852 Leonem¹
937 2781 1006 2836 scri-

17 2859 109 2914 bebat.
151 2855 281 2929 Exurgat
297 2859 425 2924 ueritas,
453 2868 480 2912 et
500 2857 538 2912 de·
558 2876 608 2912 sua
627 2861 770 2928 'patientia
792 2869 921 2929 erumpat
941 2859 1005 2916 Tuo

17 2941 125 2994 inunita
151 2938 314 3008 praesidio,
343 2937 495 3008 quaejam
517 2938 627 2992 dudum
649 2940 788 2994 abscondi
810 2939 1005 3006 erubescebat,

18 3019 145 3075 adhibita
180 3019 297 3072 caritate
332 3016 570 3081 mansuetudinis.
628 3017 776 3073 Adhibeat
810 3021 1004 3074 Sanctitas

20 3097 92 3152 Tua
120 3097 266 3151 caritatem
295 3096 471 3162 severitatis,
498 3097 628 3168 jaculare
655 3099 777 3151 fulmina
798 3114 833 3152 ex
855 3099 1006 3152 Altissinta

20 3177 77 3231 Tua
100 3177 217 3247 specula
238 3175 375 3230 adversus
398 3177 546 3231 scientiam
569 3177 754 3231 extollentem
770 3193 900 3248 sesopia
916 3179 1006 3232 scien-

19 3255 84 3312 tiam
108 3257 178 3323 Dei,
208 3255 276 3313 dum
302 3272 354 3316 nos
382 3257 469 3312 totius
490 3253 637 3327 Ecclesiae
660 3250 829 3312 Gallicanae
852 3259 926 3312 vires
948 3257 1007 3312 col-

19 3335 153 3408 ligemus,
175 3343 259 3405 atque
278 3337 417 3389 instructa
431 3337 493 3389 acie
508 3335 738 3405 depugnabimus
753 3336 806 3389 sub
824 3337 894 3390 'luis
910 3338 1005 3407 auspi·

19 3413 85 3479 ciis,
109 3411 138 3469 et
158 3412 391 3470 christianissimi
413 3415 486 3485 regis
509 3416 613 3481 tutela,
635 3415 684 3468 cni·
703 3427 760 3468 non
776 3415 869 3469 solunt
885 3417 1004 3487 regium,

20 3495 66 3546 sei
87 3495 401 3548 etismsscsrdotslem
423 3497 551 3552 animum
571 3492 602 3546 in
624 3495 680 3548 hoc
701 3495 813 3566 negotio
829 3496 922 3550 inesse
941 3511 1011 3565 gau«

20 3572 131 3641 demus,
153 3583 180 3627 et
202 3574 325 3644 gaudere
345 3575 597 3630 sanctitatem
621 3571 731 3627 'luam
753 3575 891 3628 novimus
907 3575 1007 3630 eodem
