<?xml version="1.0" encoding="UTF-8"?>
<!DOCTYPE html PUBLIC "-//W3C//DTD XHTML 1.0 Transitional//EN"
    "http://www.w3.org/TR/xhtml1/DTD/xhtml1-transitional.dtd">
<html xmlns="http://www.w3.org/1999/xhtml" xml:lang="en" lang="en">
 <head>
  <title>
</title>
<meta http-equiv="Content-Type" content="text/html;charset=utf-8" />
  <meta name='ocr-system' content='tesseract 3.04.00' />
  <meta name='ocr-capabilities' content='ocr_page ocr_carea ocr_par ocr_line ocrx_word'/>
</head>
<body>
  <div class='ocr_page' id='page_1' title='image "./medullatheologi01abelgoog_0053.png"; bbox 0 0 2332 3880; ppageno 0'>
   <div class='ocr_carea' id='block_1_1' title="bbox 141 191 704 257">
    <p class='ocr_par' dir='ltr' id='par_1_1' title="bbox 141 191 704 257">
     <span class='ocr_line' id='line_1_1' title="bbox 141 191 704 257; baseline -0.009 0"><span class='ocrx_word' id='word_1_1' title='bbox 141 191 183 257; x_wconf 71' lang='grc'><strong>48</strong></span> <span class='ocrx_word' id='word_1_2' title='bbox 574 206 613 252; x_wconf 76' lang='grc' dir='ltr'><strong>οι</strong></span> <span class='ocrx_word' id='word_1_3' title='bbox 630 207 704 253; x_wconf 75' lang='lat' dir='ltr'><strong>mon</strong></span> 
     </span>
    </p>
   </div>
   <div class='ocr_carea' id='block_1_2' title="bbox 140 317 1158 718">
    <p class='ocr_par' dir='ltr' id='par_1_2' title="bbox 141 317 1158 480">
     <span class='ocr_line' id='line_1_2' title="bbox 143 317 1158 401; baseline 0 -15"><span class='ocrx_word' id='word_1_4' title='bbox 143 327 348 386; x_wconf 74' lang='lat' dir='ltr'><strong>revelationem</strong></span> <span class='ocrx_word' id='word_1_5' title='bbox 368 325 451 383; x_wconf 89' lang='lat' dir='ltr'><strong>illam</strong></span> <span class='ocrx_word' id='word_1_6' title='bbox 464 329 615 400; x_wconf 84' lang='lat' dir='ltr'><strong>privatam</strong></span> <span class='ocrx_word' id='word_1_7' title='bbox 638 343 699 383; x_wconf 88' lang='lat' dir='ltr'><strong>esse</strong></span> <span class='ocrx_word' id='word_1_8' title='bbox 720 325 828 383; x_wconf 77' lang='lat' dir='ltr'><strong>allec.</strong></span> <span class='ocrx_word' id='word_1_9' title='bbox 871 317 913 384; x_wconf 70' lang='grc' dir='ltr'><strong>Πὸ</strong></span> <span class='ocrx_word' id='word_1_10' title='bbox 937 345 996 401; x_wconf 91' lang='lat' dir='ltr'><strong>qua</strong></span> <span class='ocrx_word' id='word_1_11' title='bbox 1016 324 1158 400; x_wconf 78' lang='lat' dir='ltr'><strong>proinde</strong></span> 
     </span>
     <span class='ocr_line' id='line_1_3' title="bbox 141 406 989 480; baseline -0.001 -17"><span class='ocrx_word' id='word_1_12' title='bbox 141 411 268 466; x_wconf 84' lang='lat' dir='ltr'><strong>sectione</strong></span> <span class='ocrx_word' id='word_1_13' title='bbox 289 409 422 478; x_wconf 79' lang='lat' dir='ltr'><strong>sequenti</strong></span> <span class='ocrx_word' id='word_1_14' title='bbox 443 407 528 463; x_wconf 89' lang='lat' dir='ltr'><strong>nobis</strong></span> <span class='ocrx_word' id='word_1_15' title='bbox 550 406 693 480; x_wconf 79' lang='lat' dir='ltr'><strong>agendum</strong></span> <span class='ocrx_word' id='word_1_16' title='bbox 714 415 775 462; x_wconf 47' lang='lat' dir='ltr'><strong>esta</strong></span> <span class='ocrx_word' id='word_1_17' title='bbox 985 421 989 428; x_wconf 80' lang='grc'>’</span> 
     </span>
    </p>

    <p class='ocr_par' dir='ltr' id='par_1_3' title="bbox 140 487 1156 718">
     <span class='ocr_line' id='line_1_4' title="bbox 201 487 1156 556; baseline 0.003 -15"><span class='ocrx_word' id='word_1_18' title='bbox 201 489 289 544; x_wconf 82' lang='lat' dir='ltr'><strong>Porro</strong></span> <span class='ocrx_word' id='word_1_19' title='bbox 312 487 469 542; x_wconf 75' lang='lat' dir='ltr'><strong>nmandum</strong></span> <span class='ocrx_word' id='word_1_20' title='bbox 491 496 550 556; x_wconf 87' lang='lat' dir='ltr'><strong>est,</strong></span> <span class='ocrx_word' id='word_1_21' title='bbox 579 503 630 542; x_wconf 88' lang='lat' dir='ltr'><strong>nos</strong></span> <span class='ocrx_word' id='word_1_22' title='bbox 658 489 689 542; x_wconf 91' lang='lat' dir='ltr'><strong>in</strong></span> <span class='ocrx_word' id='word_1_23' title='bbox 716 488 772 542; x_wconf 83' lang='lat' dir='ltr'><strong>bac</strong></span> <span class='ocrx_word' id='word_1_24' title='bbox 797 489 924 542; x_wconf 86' lang='lat' dir='ltr'><strong>sectione</strong></span> <span class='ocrx_word' id='word_1_25' title='bbox 944 488 1065 543; x_wconf 82' lang='lat' dir='ltr'><strong>locutos</strong></span> <span class='ocrx_word' id='word_1_26' title='bbox 1082 505 1156 544; x_wconf 88' lang='lat' dir='ltr'><strong>esse</strong></span> 
     </span>
     <span class='ocr_line' id='line_1_5' title="bbox 140 566 1155 638; baseline 0.001 -16"><span class='ocrx_word' id='word_1_27' title='bbox 140 576 250 622; x_wconf 89' lang='lat' dir='ltr'><strong>tantum</strong></span> <span class='ocrx_word' id='word_1_28' title='bbox 279 566 317 622; x_wconf 88' lang='lat' dir='ltr'><strong>ds</strong></span> <span class='ocrx_word' id='word_1_29' title='bbox 345 568 398 634; x_wconf 86' lang='lat' dir='ltr'><strong>iia,</strong></span> <span class='ocrx_word' id='word_1_30' title='bbox 429 583 502 637; x_wconf 89' lang='lat' dir='ltr'><strong>quae</strong></span> <span class='ocrx_word' id='word_1_31' title='bbox 526 568 715 638; x_wconf 83' lang='lat' dir='ltr'><strong>requiruntur</strong></span> <span class='ocrx_word' id='word_1_32' title='bbox 736 582 772 621; x_wconf 87' lang='lat' dir='ltr'><strong>ex</strong></span> <span class='ocrx_word' id='word_1_33' title='bbox 793 576 875 636; x_wconf 88' lang='lat' dir='ltr'><strong>parte</strong></span> <span class='ocrx_word' id='word_1_34' title='bbox 896 566 1006 638; x_wconf 83' lang='lat' dir='ltr'><strong>objecti</strong></span> <span class='ocrx_word' id='word_1_35' title='bbox 1027 568 1067 622; x_wconf 90' lang='lat' dir='ltr'><strong>ad</strong></span> <span class='ocrx_word' id='word_1_36' title='bbox 1093 569 1155 636; x_wconf 80' lang='lat' dir='ltr'><strong>ali-</strong></span> 
     </span>
     <span class='ocr_line' id='line_1_6' title="bbox 140 645 1154 718; baseline 0.002 -17"><span class='ocrx_word' id='word_1_37' title='bbox 140 649 213 718; x_wconf 85' lang='lat' dir='ltr'><strong>quid</strong></span> <span class='ocrx_word' id='word_1_38' title='bbox 234 645 411 702; x_wconf 82' lang='lat' dir='ltr'><strong>eredendum</strong></span> <span class='ocrx_word' id='word_1_39' title='bbox 433 647 701 718; x_wconf 84' lang='lat' dir='ltr'><strong>supernaturaliter.</strong></span> <span class='ocrx_word' id='word_1_40' title='bbox 745 649 861 702; x_wconf 80' lang='lat' dir='ltr'><strong>Certum</strong></span> <span class='ocrx_word' id='word_1_41' title='bbox 882 650 925 700; x_wconf 89' lang='lat' dir='ltr'><strong>est</strong></span> <span class='ocrx_word' id='word_1_42' title='bbox 945 648 1034 714; x_wconf 88' lang='lat' dir='ltr'><strong>enim,</strong></span> <span class='ocrx_word' id='word_1_43' title='bbox 1058 663 1154 718; x_wconf 87' lang='lat' dir='ltr'><strong>prae·</strong></span> 
     </span>
    </p>
   </div>
   <div class='ocr_carea' id='block_1_3' title="bbox 138 724 1153 1054">
    <p class='ocr_par' dir='ltr' id='par_1_4' title="bbox 138 724 1153 1054">
     <span class='ocr_line' id='line_1_7' title="bbox 140 724 1152 798; baseline 0.003 -18"><span class='ocrx_word' id='word_1_44' title='bbox 140 735 183 780; x_wconf 89' lang='lat' dir='ltr'><strong>ter</strong></span> <span class='ocrx_word' id='word_1_45' title='bbox 209 725 358 797; x_wconf 88' lang='lat' dir='ltr'><strong>publicam</strong></span> <span class='ocrx_word' id='word_1_46' title='bbox 387 726 592 782; x_wconf 85' lang='lat' dir='ltr'><strong>revelationem</strong></span> <span class='ocrx_word' id='word_1_47' title='bbox 621 735 649 782; x_wconf 83' lang='lat' dir='ltr'><strong>et</strong></span> <span class='ocrx_word' id='word_1_48' title='bbox 677 733 824 782; x_wconf 84' lang='lat' dir='ltr'><strong>externam</strong></span> <span class='ocrx_word' id='word_1_49' title='bbox 845 724 1001 798; x_wconf 77' lang='lat' dir='ltr'><strong>Evangelii</strong></span> <span class='ocrx_word' id='word_1_50' title='bbox 1018 729 1152 797; x_wconf 84' lang='lat' dir='ltr'><strong>praedi-</strong></span> 
     </span>
     <span class='ocr_line' id='line_1_8' title="bbox 140 803 1151 882; baseline 0.004 -22"><span class='ocrx_word' id='word_1_51' title='bbox 140 807 283 882; x_wconf 71' lang='lat' dir='ltr'><strong>cptionem</strong></span> <span class='ocrx_word' id='word_1_52' title='bbox 311 807 500 861; x_wconf 83' lang='lat' dir='ltr'><strong>necessariam</strong></span> <span class='ocrx_word' id='word_1_53' title='bbox 530 819 656 879; x_wconf 79' lang='lat' dir='ltr'><strong>quoque</strong></span> <span class='ocrx_word' id='word_1_54' title='bbox 672 821 733 860; x_wconf 86' lang='lat' dir='ltr'><strong>esse</strong></span> <span class='ocrx_word' id='word_1_55' title='bbox 753 806 785 860; x_wconf 87' lang='lat' dir='ltr'><strong>in</strong></span> <span class='ocrx_word' id='word_1_56' title='bbox 807 805 937 876; x_wconf 86' lang='lat' dir='ltr'><strong>subjecto</strong></span> <span class='ocrx_word' id='word_1_57' title='bbox 958 803 1058 873; x_wconf 84' lang='lat' dir='ltr'><strong>Fidei,</strong></span> <span class='ocrx_word' id='word_1_58' title='bbox 1091 823 1151 864; x_wconf 87' lang='lat' dir='ltr'><strong>sen</strong></span> 
     </span>
     <span class='ocr_line' id='line_1_9' title="bbox 138 884 1153 958; baseline 0.002 -18"><span class='ocrx_word' id='word_1_59' title='bbox 138 885 169 940; x_wconf 90' lang='lat' dir='ltr'><strong>in</strong></span> <span class='ocrx_word' id='word_1_60' title='bbox 191 901 316 958; x_wconf 86' lang='lat' dir='ltr'><strong>persona</strong></span> <span class='ocrx_word' id='word_1_61' title='bbox 337 884 472 940; x_wconf 84' lang='lat' dir='ltr'><strong>erodente</strong></span> <span class='ocrx_word' id='word_1_62' title='bbox 493 885 636 940; x_wconf 88' lang='lat' dir='ltr'><strong>internam</strong></span> <span class='ocrx_word' id='word_1_63' title='bbox 659 887 781 956; x_wconf 84' lang='lat' dir='ltr'><strong>gratiam</strong></span> <span class='ocrx_word' id='word_1_64' title='bbox 802 887 977 940; x_wconf 71' lang='lat' dir='ltr'><strong>mettensem</strong></span> <span class='ocrx_word' id='word_1_65' title='bbox 1006 893 1034 940; x_wconf 92' lang='lat' dir='ltr'><strong>et</strong></span> <span class='ocrx_word' id='word_1_66' title='bbox 1056 887 1153 958; x_wconf 81' lang='lat' dir='ltr'><strong>adju·</strong></span> 
     </span>
     <span class='ocr_line' id='line_1_10' title="bbox 140 963 921 1054; baseline -0.001 -35"><span class='ocrx_word' id='word_1_67' title='bbox 140 973 273 1032; x_wconf 83' lang='lat' dir='ltr'><strong>vantem,</strong></span> <span class='ocrx_word' id='word_1_68' title='bbox 295 973 327 1020; x_wconf 89' lang='lat' dir='ltr'><strong>ut</strong></span> <span class='ocrx_word' id='word_1_69' title='bbox 347 965 542 1054; x_wconf 38' lang='lat' dir='ltr'><strong>supponimus)</strong></span> <span class='ocrx_word' id='word_1_70' title='bbox 560 977 596 1018; x_wconf 81' lang='lat' dir='ltr'><strong>ex</strong></span> <span class='ocrx_word' id='word_1_71' title='bbox 617 971 739 1020; x_wconf 85' lang='lat' dir='ltr'><strong>tractatu</strong></span> <span class='ocrx_word' id='word_1_72' title='bbox 762 963 798 1018; x_wconf 89' lang='lat' dir='ltr'><strong>de</strong></span> <span class='ocrx_word' id='word_1_73' title='bbox 820 965 921 1036; x_wconf 82' lang='lat' dir='ltr'><strong>gratia</strong></span> 
     </span>
    </p>
   </div>
   <div class='ocr_carea' id='block_1_4' title="bbox 471 1147 882 1260">
    <p class='ocr_par' dir='ltr' id='par_1_5' title="bbox 471 1147 882 1260">
     <span class='ocr_line' id='line_1_11' title="bbox 471 1147 882 1260; baseline -0.005 -1"><span class='ocrx_word' id='word_1_74' title='bbox 471 1191 703 1260; x_wconf 78' lang='lat' dir='ltr'><strong>sucoso</strong></span> <span class='ocrx_word' id='word_1_75' title='bbox 741 1150 800 1259; x_wconf 76' lang='lat' dir='ltr'><strong>tv.</strong></span> <span class='ocrx_word' id='word_1_76' title='bbox 878 1147 882 1156; x_wconf 64' lang='grc'><em>’</em></span> 
     </span>
    </p>
   </div>
   <div class='ocr_carea' id='block_1_5' title="bbox 140 1317 1145 1476">
    <p class='ocr_par' dir='ltr' id='par_1_6' title="bbox 140 1317 1145 1476">
     <span class='ocr_line' id='line_1_12' title="bbox 140 1317 1145 1394; baseline -0.002 -12"><span class='ocrx_word' id='word_1_77' title='bbox 140 1319 234 1382; x_wconf 75' lang='lat' dir='ltr'><strong>Unde</strong></span> <span class='ocrx_word' id='word_1_78' title='bbox 250 1319 361 1392; x_wconf 81' lang='lat' dir='ltr'><strong>possit</strong></span> <span class='ocrx_word' id='word_1_79' title='bbox 376 1317 544 1391; x_wconf 61' lang='lat' dir='ltr'><strong>mosol,</strong></span> <span class='ocrx_word' id='word_1_80' title='bbox 561 1333 606 1383; x_wconf 77' lang='lat' dir='ltr'><strong>an</strong></span> <span class='ocrx_word' id='word_1_81' title='bbox 623 1321 786 1379; x_wconf 77' lang='lat' dir='ltr'><strong>maletto</strong></span> <span class='ocrx_word' id='word_1_82' title='bbox 802 1323 938 1394; x_wconf 78' lang='lat' dir='ltr'><strong>privata</strong></span> <span class='ocrx_word' id='word_1_83' title='bbox 952 1321 998 1378; x_wconf 81' lang='lat' dir='ltr'><strong>eli</strong></span> <span class='ocrx_word' id='word_1_84' title='bbox 1015 1333 1039 1378; x_wconf 80' lang='lat' dir='ltr'><strong>a</strong></span> <span class='ocrx_word' id='word_1_85' title='bbox 1055 1321 1145 1394; x_wconf 79' lang='lat' dir='ltr'><strong>Deo,</strong></span> 
     </span>
     <span class='ocr_line' id='line_1_13' title="bbox 208 1381 1067 1476; baseline 0.002 -30"><span class='ocrx_word' id='word_1_86' title='bbox 208 1401 250 1446; x_wconf 83' lang='lat' dir='ltr'><strong>ao</strong></span> <span class='ocrx_word' id='word_1_87' title='bbox 267 1381 405 1460; x_wconf 80' lang='lat' dir='ltr'><strong>proinde</strong></span> <span class='ocrx_word' id='word_1_88' title='bbox 423 1387 593 1458; x_wconf 74' lang='lat' dir='ltr'><strong>sufficiens</strong></span> <span class='ocrx_word' id='word_1_89' title='bbox 611 1403 671 1476; x_wconf 76' lang='lat' dir='ltr'><strong>pm</strong></span> <span class='ocrx_word' id='word_1_90' title='bbox 690 1389 852 1476; x_wconf 67' lang='lat' dir='ltr'><strong>eliciendo</strong></span> <span class='ocrx_word' id='word_1_91' title='bbox 870 1392 950 1448; x_wconf 85' lang='lat' dir='ltr'><strong>eotu</strong></span> <span class='ocrx_word' id='word_1_92' title='bbox 966 1389 1067 1448; x_wconf 72' lang='lat' dir='ltr'><strong>fidat.</strong></span> 
     </span>
    </p>
   </div>
   <div class='ocr_carea' id='block_1_6' title="bbox 89 1517 1144 3662">
    <p class='ocr_par' dir='ltr' id='par_1_7' title="bbox 135 1517 1144 2546">
     <span class='ocr_line' id='line_1_14' title="bbox 202 1517 1144 1594; baseline 0.005 -21"><span class='ocrx_word' id='word_1_93' title='bbox 202 1517 235 1594; x_wconf 47' lang='lat' dir='ltr'><strong>i„</strong></span> <span class='ocrx_word' id='word_1_94' title='bbox 271 1519 489 1592; x_wconf 75' lang='lat' dir='ltr'><strong>Siout&#39;nemini</strong></span> <span class='ocrx_word' id='word_1_95' title='bbox 518 1519 638 1575; x_wconf 85' lang='lat' dir='ltr'><strong>dubium</strong></span> <span class='ocrx_word' id='word_1_96' title='bbox 665 1535 726 1576; x_wconf 91' lang='lat' dir='ltr'><strong>esse</strong></span> <span class='ocrx_word' id='word_1_97' title='bbox 747 1519 850 1590; x_wconf 86' lang='lat' dir='ltr'><strong>debet,</strong></span> <span class='ocrx_word' id='word_1_98' title='bbox 879 1521 949 1592; x_wconf 84' lang='lat' dir='ltr'><strong>quin</strong></span> <span class='ocrx_word' id='word_1_99' title='bbox 978 1522 1144 1592; x_wconf 83' lang='lat' dir='ltr'><strong>aliquando</strong></span> 
     </span>
     <span class='ocr_line' id='line_1_15' title="bbox 140 1597 1144 1672; baseline 0.002 -18"><span class='ocrx_word' id='word_1_100' title='bbox 140 1599 216 1654; x_wconf 88' lang='lat' dir='ltr'><strong>Deus</strong></span> <span class='ocrx_word' id='word_1_101' title='bbox 237 1598 361 1668; x_wconf 83' lang='lat' dir='ltr'><strong>privatis</strong></span> <span class='ocrx_word' id='word_1_102' title='bbox 384 1597 559 1670; x_wconf 81' lang='lat' dir='ltr'><strong>quibusdam</strong></span> <span class='ocrx_word' id='word_1_103' title='bbox 580 1601 712 1670; x_wconf 90' lang='lat' dir='ltr'><strong>personis</strong></span> <span class='ocrx_word' id='word_1_104' title='bbox 734 1616 778 1654; x_wconf 87' lang='lat' dir='ltr'><strong>res</strong></span> <span class='ocrx_word' id='word_1_105' title='bbox 800 1601 914 1672; x_wconf 85' lang='lat' dir='ltr'><strong>aliquas</strong></span> <span class='ocrx_word' id='word_1_106' title='bbox 936 1601 1006 1655; x_wconf 90' lang='lat' dir='ltr'><strong>olim</strong></span> <span class='ocrx_word' id='word_1_107' title='bbox 1027 1603 1144 1656; x_wconf 86' lang='lat' dir='ltr'><strong>revela·</strong></span> 
     </span>
     <span class='ocr_line' id='line_1_16' title="bbox 140 1677 1142 1750; baseline 0.003 -18"><span class='ocrx_word' id='word_1_108' title='bbox 140 1679 229 1745; x_wconf 84' lang='lat' dir='ltr'><strong>verit,</strong></span> <span class='ocrx_word' id='word_1_109' title='bbox 260 1687 287 1733; x_wconf 91' lang='lat' dir='ltr'><strong>et</strong></span> <span class='ocrx_word' id='word_1_110' title='bbox 316 1692 393 1732; x_wconf 88' lang='lat' dir='ltr'><strong>nuno</strong></span> <span class='ocrx_word' id='word_1_111' title='bbox 421 1682 506 1734; x_wconf 86' lang='lat' dir='ltr'><strong>etiem</strong></span> <span class='ocrx_word' id='word_1_112' title='bbox 530 1695 583 1750; x_wconf 91' lang='lat' dir='ltr'><strong>pro</strong></span> <span class='ocrx_word' id='word_1_113' title='bbox 605 1695 656 1733; x_wconf 90' lang='lat' dir='ltr'><strong>suo</strong></span> <span class='ocrx_word' id='word_1_114' title='bbox 678 1677 863 1750; x_wconf 85' lang='lat' dir='ltr'><strong>beneplacito</strong></span> <span class='ocrx_word' id='word_1_115' title='bbox 884 1680 1013 1734; x_wconf 83' lang='lat' dir='ltr'><strong>revelare</strong></span> <span class='ocrx_word' id='word_1_116' title='bbox 1035 1683 1142 1749; x_wconf 84' lang='lat' dir='ltr'><strong>possit,</strong></span> 
     </span>
     <span class='ocr_line' id='line_1_17' title="bbox 139 1757 1142 1832; baseline 0.003 -20"><span class='ocrx_word' id='word_1_117' title='bbox 139 1758 182 1814; x_wconf 85' lang='lat' dir='ltr'><strong>sie</strong></span> <span class='ocrx_word' id='word_1_118' title='bbox 203 1759 385 1832; x_wconf 79' lang='lat' dir='ltr'><strong>experientia</strong></span> <span class='ocrx_word' id='word_1_119' title='bbox 406 1757 492 1813; x_wconf 89' lang='lat' dir='ltr'><strong>nimis</strong></span> <span class='ocrx_word' id='word_1_120' title='bbox 514 1759 616 1813; x_wconf 83' lang='lat' dir='ltr'><strong>erebra</strong></span> <span class='ocrx_word' id='word_1_121' title='bbox 636 1767 813 1828; x_wconf 86' lang='lat' dir='ltr'><strong>compertum</strong></span> <span class='ocrx_word' id='word_1_122' title='bbox 831 1767 896 1828; x_wconf 80' lang='lat' dir='ltr'><strong>est,</strong></span> <span class='ocrx_word' id='word_1_123' title='bbox 924 1757 1067 1829; x_wconf 79' lang='lat' dir='ltr'><strong>plurimas</strong></span> <span class='ocrx_word' id='word_1_124' title='bbox 1098 1775 1142 1815; x_wconf 84' lang='lat' dir='ltr'><strong>re·</strong></span> 
     </span>
     <span class='ocr_line' id='line_1_18' title="bbox 139 1835 1140 1909; baseline 0.004 -19"><span class='ocrx_word' id='word_1_125' title='bbox 139 1835 316 1904; x_wconf 78' lang='lat' dir='ltr'>velationes,</span> <span class='ocrx_word' id='word_1_126' title='bbox 340 1853 410 1908; x_wconf 87' lang='lat' dir='ltr'><strong>quas</strong></span> <span class='ocrx_word' id='word_1_127' title='bbox 431 1841 562 1908; x_wconf 87' lang='lat' dir='ltr'><strong>privatae</strong></span> <span class='ocrx_word' id='word_1_128' title='bbox 583 1853 724 1908; x_wconf 75' lang='lat' dir='ltr'>personae</span> <span class='ocrx_word' id='word_1_129' title='bbox 746 1839 803 1892; x_wconf 88' lang='lat' dir='ltr'><strong>sibi</strong></span> <span class='ocrx_word' id='word_1_130' title='bbox 824 1843 914 1894; x_wconf 82' lang='lat' dir='ltr'><strong>factas</strong></span> <span class='ocrx_word' id='word_1_131' title='bbox 932 1837 1140 1909; x_wconf 84' lang='lat' dir='ltr'><strong>praetendunt,</strong></span> 
     </span>
     <span class='ocr_line' id='line_1_19' title="bbox 138 1915 1141 1989; baseline 0.004 -19"><span class='ocrx_word' id='word_1_132' title='bbox 138 1917 228 1972; x_wconf 84' lang='lat' dir='ltr'><strong>variis</strong></span> <span class='ocrx_word' id='word_1_133' title='bbox 256 1917 495 1972; x_wconf 83' lang='lat' dir='ltr'><strong>illusionibus&#39;et</strong></span> <span class='ocrx_word' id='word_1_134' title='bbox 516 1918 662 1972; x_wconf 86' lang='lat' dir='ltr'><strong>erroribus</strong></span> <span class='ocrx_word' id='word_1_135' title='bbox 683 1933 745 1972; x_wconf 89' lang='lat' dir='ltr'><strong>esse</strong></span> <span class='ocrx_word' id='word_1_136' title='bbox 769 1919 895 1974; x_wconf 83' lang='lat' dir='ltr'><strong>refertas.</strong></span> <span class='ocrx_word' id='word_1_137' title='bbox 939 1915 1024 1973; x_wconf 89' lang='lat' dir='ltr'><strong>Unde</strong></span> <span class='ocrx_word' id='word_1_138' title='bbox 1047 1920 1141 1989; x_wconf 85' lang='lat' dir='ltr'><strong>Syne-</strong></span> 
     </span>
     <span class='ocr_line' id='line_1_20' title="bbox 138 1996 1141 2068; baseline 0.004 -18"><span class='ocrx_word' id='word_1_139' title='bbox 138 1996 204 2050; x_wconf 87' lang='lat' dir='ltr'><strong>sius</strong></span> <span class='ocrx_word' id='word_1_140' title='bbox 221 1999 304 2068; x_wconf 87' lang='lat' dir='ltr'><strong>epist.</strong></span> <span class='ocrx_word' id='word_1_141' title='bbox 321 1997 368 2052; x_wconf 79' lang='lat' dir='ltr'><strong>ii.</strong></span> <span class='ocrx_word' id='word_1_142' title='bbox 391 2005 457 2052; x_wconf 89' lang='lat' dir='ltr'><strong>ante</strong></span> <span class='ocrx_word' id='word_1_143' title='bbox 479 1997 630 2053; x_wconf 80' lang='lat' dir='ltr'><strong>duodecim</strong></span> <span class='ocrx_word' id='word_1_144' title='bbox 653 1999 771 2052; x_wconf 87' lang='lat' dir='ltr'><strong>saecula</strong></span> <span class='ocrx_word' id='word_1_145' title='bbox 791 2007 965 2068; x_wconf 75' lang='lat' dir='ltr'><strong>conquestus</strong></span> <span class='ocrx_word' id='word_1_146' title='bbox 980 2005 1040 2064; x_wconf 89' lang='lat' dir='ltr'><strong>est,</strong></span> <span class='ocrx_word' id='word_1_147' title='bbox 1063 2001 1141 2054; x_wconf 90' lang='lat' dir='ltr'><strong>mul·</strong></span> 
     </span>
     <span class='ocr_line' id='line_1_21' title="bbox 139 2075 1141 2148; baseline 0.002 -18"><span class='ocrx_word' id='word_1_148' title='bbox 139 2083 185 2130; x_wconf 74' lang='lat' dir='ltr'><strong>tos·</strong></span> <span class='ocrx_word' id='word_1_149' title='bbox 204 2081 264 2132; x_wconf 84' lang='lat' dir='ltr'><strong>tum</strong></span> <span class='ocrx_word' id='word_1_150' title='bbox 286 2075 424 2146; x_wconf 86' lang='lat' dir='ltr'><strong>temporis</strong></span> <span class='ocrx_word' id='word_1_151' title='bbox 444 2077 574 2148; x_wconf 86' lang='lat' dir='ltr'><strong>privatos</strong></span> <span class='ocrx_word' id='word_1_152' title='bbox 595 2078 728 2132; x_wconf 86' lang='lat' dir='ltr'><strong>homines</strong></span> <span class='ocrx_word' id='word_1_153' title='bbox 750 2086 778 2131; x_wconf 86' lang='lat' dir='ltr'><strong>et</strong></span> <span class='ocrx_word' id='word_1_154' title='bbox 799 2079 885 2132; x_wconf 85' lang='lat' dir='ltr'><strong>etiam</strong></span> <span class='ocrx_word' id='word_1_155' title='bbox 901 2076 1069 2132; x_wconf 85' lang='lat' dir='ltr'><strong>Sacerdotes</strong></span> <span class='ocrx_word' id='word_1_156' title='bbox 1086 2081 1141 2133; x_wconf 82' lang='lat' dir='ltr'><strong>tin·</strong></span> 
     </span>
     <span class='ocr_line' id='line_1_22' title="bbox 135 2154 1094 2226; baseline 0.002 -16"><span class='ocrx_word' id='word_1_157' title='bbox 135 2154 216 2210; x_wconf 73' lang='lat' dir='ltr'><strong>nisse</strong></span> <span class='ocrx_word' id='word_1_158' title='bbox 233 2155 349 2211; x_wconf 88' lang='lat' dir='ltr'><strong>&#39;somnia</strong></span> <span class='ocrx_word' id='word_1_159' title='bbox 369 2171 424 2226; x_wconf 92' lang='lat' dir='ltr'><strong>pro</strong></span> <span class='ocrx_word' id='word_1_160' title='bbox 443 2157 681 2211; x_wconf 60' lang='lat' dir='ltr'><strong>revelationibus.</strong></span> <span class='ocrx_word' id='word_1_161' title='bbox 899 2165 902 2172; x_wconf 88' lang='grc'><strong>“</strong></span> <span class='ocrx_word' id='word_1_162' title='bbox 1017 2171 1018 2176; x_wconf 71' lang='grc'>’</span> <span class='ocrx_word' id='word_1_163' title='bbox 1077 2172 1094 2200; x_wconf 71' lang='lat' dir='ltr'><strong>v</strong></span> 
     </span>
     <span class='ocr_line' id='line_1_23' title="bbox 148 2235 1139 2308; baseline 0.001 -17"><span class='ocrx_word' id='word_1_164' title='bbox 148 2261 152 2268; x_wconf 82' lang='lat'>-</span> <span class='ocrx_word' id='word_1_165' title='bbox 196 2235 238 2291; x_wconf 85' lang='lat' dir='ltr'><strong>Ut</strong></span> <span class='ocrx_word' id='word_1_166' title='bbox 264 2251 331 2308; x_wconf 87' lang='lat' dir='ltr'><strong>ergo</strong></span> <span class='ocrx_word' id='word_1_167' title='bbox 359 2237 464 2290; x_wconf 83' lang='lat' dir='ltr'><strong>veritas</strong></span> <span class='ocrx_word' id='word_1_168' title='bbox 492 2236 529 2290; x_wconf 89' lang='lat' dir='ltr'><strong>ab</strong></span> <span class='ocrx_word' id='word_1_169' title='bbox 557 2249 652 2293; x_wconf 84' lang='lat' dir='ltr'><strong>errore</strong></span> <span class='ocrx_word' id='word_1_170' title='bbox 676 2241 705 2292; x_wconf 83' lang='lat' dir='ltr'><strong>ot</strong></span> <span class='ocrx_word' id='word_1_171' title='bbox 726 2235 864 2292; x_wconf 84' lang='lat' dir='ltr'><strong>illusione</strong></span> <span class='ocrx_word' id='word_1_172' title='bbox 882 2239 915 2292; x_wconf 88' lang='lat' dir='ltr'><strong>in</strong></span> <span class='ocrx_word' id='word_1_173' title='bbox 938 2239 993 2291; x_wconf 84' lang='lat' dir='ltr'><strong>bae</strong></span> <span class='ocrx_word' id='word_1_174' title='bbox 1014 2240 1139 2292; x_wconf 85' lang='lat' dir='ltr'><strong>materia</strong></span> 
     </span>
     <span class='ocr_line' id='line_1_24' title="bbox 138 2313 1138 2388; baseline 0.003 -18"><span class='ocrx_word' id='word_1_175' title='bbox 138 2313 270 2388; x_wconf 73' lang='lat' dir='ltr'><strong>dignosci</strong></span> <span class='ocrx_word' id='word_1_176' title='bbox 283 2316 385 2384; x_wconf 82' lang='lat' dir='ltr'><strong>possit,</strong></span> <span class='ocrx_word' id='word_1_177' title='bbox 401 2316 515 2388; x_wconf 86' lang='lat' dir='ltr'><strong>aliquas</strong></span> <span class='ocrx_word' id='word_1_178' title='bbox 530 2316 746 2372; x_wconf 86' lang='lat' dir='ltr'><strong>observationes</strong></span> <span class='ocrx_word' id='word_1_179' title='bbox 761 2331 798 2370; x_wconf 85' lang='lat' dir='ltr'><strong>ex</strong></span> <span class='ocrx_word' id='word_1_180' title='bbox 808 2317 1021 2388; x_wconf 74' lang='lat' dir='ltr'><strong>probatissimis</strong></span> <span class='ocrx_word' id='word_1_181' title='bbox 1032 2319 1138 2373; x_wconf 83' lang='lat' dir='ltr'><strong>autho·</strong></span> 
     </span>
     <span class='ocr_line' id='line_1_25' title="bbox 136 2394 1136 2467; baseline 0.002 -17"><span class='ocrx_word' id='word_1_182' title='bbox 136 2394 217 2450; x_wconf 84' lang='lat' dir='ltr'><strong>ribus</strong></span> <span class='ocrx_word' id='word_1_183' title='bbox 243 2395 379 2450; x_wconf 83' lang='lat' dir='ltr'><strong>collectas</strong></span> <span class='ocrx_word' id='word_1_184' title='bbox 400 2395 455 2450; x_wconf 87' lang='lat' dir='ltr'><strong>&#39;hic</strong></span> <span class='ocrx_word' id='word_1_185' title='bbox 482 2395 616 2450; x_wconf 90' lang='lat' dir='ltr'><strong>breviter&#39;</strong></span> <span class='ocrx_word' id='word_1_186' title='bbox 637 2411 845 2466; x_wconf 82' lang='lat' dir='ltr'><strong>proponemus,</strong></span> <span class='ocrx_word' id='word_1_187' title='bbox 876 2397 1136 2467; x_wconf 84' lang='lat' dir='ltr'><strong>quae-maximam</strong></span> 
     </span>
     <span class='ocr_line' id='line_1_26' title="bbox 137 2473 796 2546; baseline -0.002 -17"><span class='ocrx_word' id='word_1_188' title='bbox 137 2473 230 2530; x_wconf 76' lang='lat' dir='ltr'><strong>cuivis</strong></span> <span class='ocrx_word' id='word_1_189' title='bbox 251 2475 306 2529; x_wconf 85' lang='lat' dir='ltr'><strong>hae</strong></span> <span class='ocrx_word' id='word_1_190' title='bbox 326 2477 357 2528; x_wconf 83' lang='lat' dir='ltr'><strong>in</strong></span> <span class='ocrx_word' id='word_1_191' title='bbox 378 2491 409 2530; x_wconf 87' lang='lat' dir='ltr'><strong>re</strong></span> <span class='ocrx_word' id='word_1_192' title='bbox 429 2476 524 2530; x_wconf 86' lang='lat' dir='ltr'><strong>lucem</strong></span> <span class='ocrx_word' id='word_1_193' title='bbox 545 2474 645 2530; x_wconf 81' lang='lat' dir='ltr'><strong>afferre</strong></span> <span class='ocrx_word' id='word_1_194' title='bbox 667 2483 796 2546; x_wconf 85' lang='lat' dir='ltr'><strong>possunt</strong></span> 
     </span>
    </p>

    <p class='ocr_par' dir='ltr' id='par_1_8' title="bbox 137 2553 1137 2704">
     <span class='ocr_line' id='line_1_27' title="bbox 195 2553 1137 2626; baseline 0.004 -18"><span class='ocrx_word' id='word_1_195' title='bbox 195 2553 222 2608; x_wconf 80' lang='lat'><strong>2.</strong></span> <span class='ocrx_word' id='word_1_196' title='bbox 267 2553 488 2610; x_wconf 71' lang='lat' dir='ltr'><strong>Observandum</strong></span> <span class='ocrx_word' id='word_1_197' title='bbox 519 2556 609 2626; x_wconf 83' lang='lat' dir='ltr'><strong>igitur</strong></span> <span class='ocrx_word' id='word_1_198' title='bbox 631 2553 656 2608; x_wconf 91' lang='lat' dir='ltr'><strong>i.</strong></span> <span class='ocrx_word' id='word_1_199' title='bbox 690 2555 784 2625; x_wconf 83' lang='lat' dir='ltr'><strong>qualis</strong></span> <span class='ocrx_word' id='word_1_200' title='bbox 814 2557 852 2609; x_wconf 90' lang='lat' dir='ltr'><strong>sit</strong></span> <span class='ocrx_word' id='word_1_201' title='bbox 883 2568 1026 2626; x_wconf 87' lang='lat' dir='ltr'><strong>persona,</strong></span> <span class='ocrx_word' id='word_1_202' title='bbox 1060 2569 1137 2625; x_wconf 82' lang='lat' dir='ltr'><strong>quae</strong></span> 
     </span>
     <span class='ocr_line' id='line_1_28' title="bbox 137 2633 883 2704; baseline 0.004 -17"><span class='ocrx_word' id='word_1_203' title='bbox 137 2633 194 2688; x_wconf 88' lang='lat' dir='ltr'><strong>sibi</strong></span> <span class='ocrx_word' id='word_1_204' title='bbox 216 2635 321 2690; x_wconf 85' lang='lat' dir='ltr'><strong>iactam</strong></span> <span class='ocrx_word' id='word_1_205' title='bbox 343 2649 404 2688; x_wconf 89' lang='lat' dir='ltr'><strong>esse</strong></span> <span class='ocrx_word' id='word_1_206' title='bbox 425 2634 630 2688; x_wconf 72' lang='lat' dir='ltr'><strong>revelationem</strong></span> <span class='ocrx_word' id='word_1_207' title='bbox 652 2634 780 2704; x_wconf 76' lang='lat' dir='ltr'><strong>eliquans</strong></span> <span class='ocrx_word' id='word_1_208' title='bbox 801 2633 883 2690; x_wconf 81' lang='lat' dir='ltr'><strong>dicit.</strong></span> 
     </span>
    </p>

    <p class='ocr_par' dir='ltr' id='par_1_9' title="bbox 89 2709 1136 3662">
     <span class='ocr_line' id='line_1_29' title="bbox 196 2709 1136 2784; baseline 0.001 -18"><span class='ocrx_word' id='word_1_209' title='bbox 196 2715 241 2768; x_wconf 88' lang='lat' dir='ltr'><strong>Ao</strong></span> <span class='ocrx_word' id='word_1_210' title='bbox 260 2713 378 2784; x_wconf 85' lang='lat' dir='ltr'><strong>primo,¹</strong></span> <span class='ocrx_word' id='word_1_211' title='bbox 396 2727 464 2767; x_wconf 86' lang='lat' dir='ltr'><strong>num</strong></span> <span class='ocrx_word' id='word_1_212' title='bbox 486 2713 524 2767; x_wconf 88' lang='lat' dir='ltr'><strong>sit</strong></span> <span class='ocrx_word' id='word_1_213' title='bbox 544 2729 615 2768; x_wconf 90' lang='lat' dir='ltr'><strong>sana</strong></span> <span class='ocrx_word' id='word_1_214' title='bbox 634 2715 662 2768; x_wconf 88' lang='lat' dir='ltr'><strong>in</strong></span> <span class='ocrx_word' id='word_1_215' title='bbox 687 2709 767 2768; x_wconf 83' lang='lat' dir='ltr'><strong>Fide.</strong></span> <span class='ocrx_word' id='word_1_216' title='bbox 803 2715 942 2782; x_wconf 81' lang='lat' dir='ltr'><strong>Quemvis</strong></span> <span class='ocrx_word' id='word_1_217' title='bbox 964 2713 1041 2768; x_wconf 83' lang='lat' dir='ltr'><strong>&#39;enim</strong></span> <span class='ocrx_word' id='word_1_218' title='bbox 1057 2711 1136 2768; x_wconf 81' lang='lat' dir='ltr'><strong>Deus</strong></span> 
     </span>
     <span class='ocr_line' id='line_1_30' title="bbox 136 2791 1135 2865; baseline 0 -18"><span class='ocrx_word' id='word_1_219' title='bbox 136 2791 299 2854; x_wconf 81' lang='lat' dir='ltr'><strong>infidelium</strong></span> <span class='ocrx_word' id='word_1_220' title='bbox 320 2793 422 2864; x_wconf 83' lang='lat' dir='ltr'><strong>lingua</strong></span> <span class='ocrx_word' id='word_1_221' title='bbox 442 2792 480 2846; x_wconf 87' lang='lat' dir='ltr'><strong>ad</strong></span> <span class='ocrx_word' id='word_1_222' title='bbox 501 2793 699 2848; x_wconf 84' lang='lat' dir='ltr'><strong>enunciandas</strong></span> <span class='ocrx_word' id='word_1_223' title='bbox 720 2793 833 2865; x_wconf 86' lang='lat' dir='ltr'><strong>aliquas</strong></span> <span class='ocrx_word' id='word_1_224' title='bbox 854 2796 988 2850; x_wconf 87' lang='lat' dir='ltr'><strong>veritates</strong></span> <span class='ocrx_word' id='word_1_225' title='bbox 1011 2793 1053 2847; x_wconf 91' lang='lat' dir='ltr'><strong>uti</strong></span> <span class='ocrx_word' id='word_1_226' title='bbox 1067 2807 1135 2864; x_wconf 89' lang='lat' dir='ltr'><strong>pos·</strong></span> 
     </span>
     <span class='ocr_line' id='line_1_31' title="bbox 136 2871 1134 2943; baseline 0 -17"><span class='ocrx_word' id='word_1_227' title='bbox 136 2872 189 2943; x_wconf 85' lang='lat' dir='ltr'><strong>sit,</strong></span> <span class='ocrx_word' id='word_1_228' title='bbox 211 2881 239 2928; x_wconf 92' lang='lat' dir='ltr'><strong>et</strong></span> <span class='ocrx_word' id='word_1_229' title='bbox 260 2871 418 2942; x_wconf 83' lang='lat' dir='ltr'><strong>aliquando</strong></span> <span class='ocrx_word' id='word_1_230' title='bbox 441 2873 527 2930; x_wconf 88' lang='lat' dir='ltr'><strong>etiam</strong></span> <span class='ocrx_word' id='word_1_231' title='bbox 547 2889 617 2928; x_wconf 88' lang='lat' dir='ltr'><strong>usus</strong></span> <span class='ocrx_word' id='word_1_232' title='bbox 643 2873 697 2940; x_wconf 82' lang='lat' dir='ltr'><strong>sit,</strong></span> <span class='ocrx_word' id='word_1_233' title='bbox 727 2881 838 2941; x_wconf 90' lang='lat' dir='ltr'><strong>tamen,</strong></span> <span class='ocrx_word' id='word_1_234' title='bbox 868 2890 933 2929; x_wconf 89' lang='lat' dir='ltr'><strong>oum</strong></span> <span class='ocrx_word' id='word_1_235' title='bbox 960 2873 1017 2928; x_wconf 83' lang='lat' dir='ltr'><strong>boo</strong></span> <span class='ocrx_word' id='word_1_236' title='bbox 1045 2875 1134 2927; x_wconf 72' lang='lat' dir='ltr'><strong>rama-</strong></span> 
     </span>
     <span class='ocr_line' id='line_1_32' title="bbox 89 2951 1133 3024; baseline 0.006 -22"><span class='ocrx_word' id='word_1_237' title='bbox 89 2994 90 3002; x_wconf 73' lang='grc'>,</span> <span class='ocrx_word' id='word_1_238' title='bbox 137 2951 208 3006; x_wconf 89' lang='lat' dir='ltr'><strong>sime</strong></span> <span class='ocrx_word' id='word_1_239' title='bbox 237 2954 351 3017; x_wconf 84' lang='lat' dir='ltr'><strong>iecerit,</strong></span> <span class='ocrx_word' id='word_1_240' title='bbox 380 2958 408 3005; x_wconf 87' lang='lat' dir='ltr'><strong>et</strong></span> <span class='ocrx_word' id='word_1_241' title='bbox 436 2967 451 3006; x_wconf 91' lang='lat' dir='ltr'><strong>e</strong></span> <span class='ocrx_word' id='word_1_242' title='bbox 478 2959 581 3008; x_wconf 84' lang='lat' dir='ltr'><strong>eontra</strong></span> <span class='ocrx_word' id='word_1_243' title='bbox 600 2951 722 3011; x_wconf 86' lang='lat' dir='ltr'><strong>daemon</strong></span> <span class='ocrx_word' id='word_1_244' title='bbox 745 2953 912 3024; x_wconf 76' lang='lat' dir='ltr'><strong>saepissime</strong></span> <span class='ocrx_word' id='word_1_245' title='bbox 925 2951 1042 3008; x_wconf 85' lang='lat' dir='ltr'><strong>talibus</strong></span> <span class='ocrx_word' id='word_1_246' title='bbox 1063 2953 1133 3008; x_wconf 84' lang='lat' dir='ltr'><strong>illu·</strong></span> 
     </span>
     <span class='ocr_line' id='line_1_33' title="bbox 135 3027 1134 3102; baseline 0.001 -17"><span class='ocrx_word' id='word_1_247' title='bbox 135 3031 222 3100; x_wconf 86' lang='lat' dir='ltr'><strong>serit,</strong></span> <span class='ocrx_word' id='word_1_248' title='bbox 251 3039 278 3086; x_wconf 87' lang='lat' dir='ltr'><strong>et</strong></span> <span class='ocrx_word' id='word_1_249' title='bbox 307 3027 496 3087; x_wconf 74' lang='lat' dir='ltr'><strong>revelationes</strong></span> <span class='ocrx_word' id='word_1_250' title='bbox 522 3032 626 3098; x_wconf 79' lang='lat' dir='ltr'><strong>falsas,</strong></span> <span class='ocrx_word' id='word_1_251' title='bbox 657 3040 706 3086; x_wconf 89' lang='lat' dir='ltr'><strong>aut</strong></span> <span class='ocrx_word' id='word_1_252' title='bbox 727 3028 918 3102; x_wconf 86' lang='lat' dir='ltr'><strong>blasphemiis</strong></span> <span class='ocrx_word' id='word_1_253' title='bbox 940 3039 968 3086; x_wconf 92' lang='lat' dir='ltr'><strong>et</strong></span> <span class='ocrx_word' id='word_1_254' title='bbox 990 3031 1058 3086; x_wconf 88' lang='lat' dir='ltr'><strong>aliis</strong></span> <span class='ocrx_word' id='word_1_255' title='bbox 1079 3031 1134 3086; x_wconf 90' lang='lat' dir='ltr'><strong>im·</strong></span> 
     </span>
     <span class='ocr_line' id='line_1_34' title="bbox 135 3110 1133 3184; baseline 0.002 -20"><span class='ocrx_word' id='word_1_256' title='bbox 135 3111 294 3181; x_wconf 87' lang='lat' dir='ltr'><strong>pietatibus</strong></span> <span class='ocrx_word' id='word_1_257' title='bbox 314 3110 477 3178; x_wconf 87' lang='lat' dir='ltr'><strong>immixtas,</strong></span> <span class='ocrx_word' id='word_1_258' title='bbox 500 3112 573 3182; x_wconf 88' lang='lat' dir='ltr'><strong>ipsis</strong></span> <span class='ocrx_word' id='word_1_259' title='bbox 594 3113 782 3184; x_wconf 83' lang='lat' dir='ltr'><strong>suggesserit,</strong></span> <span class='ocrx_word' id='word_1_260' title='bbox 803 3121 836 3166; x_wconf 86' lang='lat' dir='ltr'><strong>ut</strong></span> <span class='ocrx_word' id='word_1_261' title='bbox 856 3119 997 3168; x_wconf 85' lang='lat' dir='ltr'><strong>testantur</strong></span> <span class='ocrx_word' id='word_1_262' title='bbox 1011 3113 1133 3166; x_wconf 85' lang='lat' dir='ltr'><strong>annales</strong></span> 
     </span>
     <span class='ocr_line' id='line_1_35' title="bbox 135 3189 1133 3262; baseline -0.001 -17"><span class='ocrx_word' id='word_1_263' title='bbox 135 3193 210 3246; x_wconf 81' lang='lat' dir='ltr'><strong>seori</strong></span> <span class='ocrx_word' id='word_1_264' title='bbox 227 3193 260 3245; x_wconf 83' lang='lat' dir='ltr'><strong>&#39;ln</strong></span> <span class='ocrx_word' id='word_1_265' title='bbox 283 3189 411 3257; x_wconf 78' lang='lat' dir='ltr'><strong>Maeote,</strong></span> <span class='ocrx_word' id='word_1_266' title='bbox 440 3193 578 3246; x_wconf 85' lang='lat' dir='ltr'><strong>Montano</strong></span> <span class='ocrx_word' id='word_1_267' title='bbox 607 3197 635 3246; x_wconf 90' lang='lat' dir='ltr'><strong>et</strong></span> <span class='ocrx_word' id='word_1_268' title='bbox 662 3189 797 3262; x_wconf 85' lang='lat' dir='ltr'><strong>pluribus</strong></span> <span class='ocrx_word' id='word_1_269' title='bbox 822 3191 890 3246; x_wconf 89' lang='lat' dir='ltr'><strong>aliis</strong></span> <span class='ocrx_word' id='word_1_270' title='bbox 911 3191 1133 3254; x_wconf 75' lang='lat' dir='ltr'><strong>haeresiarchis,</strong></span> 
     </span>
     <span class='ocr_line' id='line_1_36' title="bbox 135 3269 1133 3340; baseline 0 -16"><span class='ocrx_word' id='word_1_271' title='bbox 135 3271 238 3326; x_wconf 89' lang='lat' dir='ltr'><strong>merito</strong></span> <span class='ocrx_word' id='word_1_272' title='bbox 267 3269 396 3324; x_wconf 79' lang='lat' dir='ltr'><strong>deiectus</strong></span> <span class='ocrx_word' id='word_1_273' title='bbox 425 3281 507 3325; x_wconf 76' lang='lat' dir='ltr'><strong>terne</strong></span> <span class='ocrx_word' id='word_1_274' title='bbox 535 3278 564 3324; x_wconf 91' lang='lat' dir='ltr'><strong>et</strong></span> <span class='ocrx_word' id='word_1_275' title='bbox 591 3286 676 3326; x_wconf 89' lang='lat' dir='ltr'><strong>sanae</strong></span> <span class='ocrx_word' id='word_1_276' title='bbox 698 3269 782 3325; x_wconf 81' lang='lat' dir='ltr'><strong>Fidei</strong></span> <span class='ocrx_word' id='word_1_277' title='bbox 807 3275 838 3325; x_wconf 89' lang='lat' dir='ltr'><strong>in</strong></span> <span class='ocrx_word' id='word_1_278' title='bbox 860 3285 894 3325; x_wconf 91' lang='lat' dir='ltr'><strong>ea</strong></span> <span class='ocrx_word' id='word_1_279' title='bbox 913 3283 1053 3340; x_wconf 88' lang='lat' dir='ltr'><strong>persona,</strong></span> <span class='ocrx_word' id='word_1_280' title='bbox 1083 3271 1133 3324; x_wconf 89' lang='lat' dir='ltr'><strong>eui</strong></span> 
     </span>
     <span class='ocr_line' id='line_1_37' title="bbox 136 3348 1132 3420; baseline 0.002 -18"><span class='ocrx_word' id='word_1_281' title='bbox 136 3349 214 3404; x_wconf 85' lang='lat' dir='ltr'><strong>flunt·</strong></span> <span class='ocrx_word' id='word_1_282' title='bbox 229 3348 435 3417; x_wconf 78' lang='lat' dir='ltr'><strong>revelationes,</strong></span> <span class='ocrx_word' id='word_1_283' title='bbox 466 3353 622 3406; x_wconf 84' lang='lat' dir='ltr'><strong>maximam</strong></span> <span class='ocrx_word' id='word_1_284' title='bbox 650 3349 769 3420; x_wconf 87' lang='lat' dir='ltr'><strong>praebet</strong></span> <span class='ocrx_word' id='word_1_285' title='bbox 797 3353 936 3406; x_wconf 83' lang='lat' dir='ltr'><strong>rationem</strong></span> <span class='ocrx_word' id='word_1_286' title='bbox 957 3365 1016 3406; x_wconf 89' lang='lat' dir='ltr'><strong>non</strong></span> <span class='ocrx_word' id='word_1_287' title='bbox 1037 3350 1132 3404; x_wconf 90' lang='lat' dir='ltr'><strong>solum</strong></span> 
     </span>
     <span class='ocr_line' id='line_1_38' title="bbox 136 3424 1131 3498; baseline 0.006 -20"><span class='ocrx_word' id='word_1_288' title='bbox 136 3425 307 3495; x_wconf 86' lang='lat' dir='ltr'><strong>dubitandi,</strong></span> <span class='ocrx_word' id='word_1_289' title='bbox 337 3443 373 3484; x_wconf 91' lang='lat' dir='ltr'><strong>an</strong></span> <span class='ocrx_word' id='word_1_290' title='bbox 402 3431 475 3486; x_wconf 85' lang='lat' dir='ltr'><strong>tales</strong></span> <span class='ocrx_word' id='word_1_291' title='bbox 503 3431 695 3484; x_wconf 83' lang='lat' dir='ltr'><strong>revelationes</strong></span> <span class='ocrx_word' id='word_1_292' title='bbox 723 3444 740 3484; x_wconf 89' lang='lat' dir='ltr'><strong>a</strong></span> <span class='ocrx_word' id='word_1_293' title='bbox 770 3429 829 3484; x_wconf 86' lang='lat' dir='ltr'><strong>Deo</strong></span> <span class='ocrx_word' id='word_1_294' title='bbox 859 3431 932 3498; x_wconf 87' lang='lat' dir='ltr'><strong>sint,</strong></span> <span class='ocrx_word' id='word_1_295' title='bbox 966 3424 1017 3484; x_wconf 90' lang='lat' dir='ltr'><strong>sed</strong></span> <span class='ocrx_word' id='word_1_296' title='bbox 1044 3430 1131 3484; x_wconf 88' lang='lat' dir='ltr'><strong>etiam</strong></span> 
     </span>
     <span class='ocr_line' id='line_1_39' title="bbox 133 3505 1131 3580; baseline 0.001 -20"><span class='ocrx_word' id='word_1_297' title='bbox 133 3505 202 3560; x_wconf 84' lang='lat' dir='ltr'><strong>illas</strong></span> <span class='ocrx_word' id='word_1_298' title='bbox 222 3511 338 3580; x_wconf 83' lang='lat' dir='ltr'><strong>penitus</strong></span> <span class='ocrx_word' id='word_1_299' title='bbox 360 3507 551 3579; x_wconf 83' lang='lat' dir='ltr'><strong>repudiandi,</strong></span> <span class='ocrx_word' id='word_1_300' title='bbox 573 3518 709 3578; x_wconf 67' lang='lat' dir='ltr'><strong>unquam</strong></span> <span class='ocrx_word' id='word_1_301' title='bbox 732 3525 747 3562; x_wconf 88' lang='lat' dir='ltr'><strong>a</strong></span> <span class='ocrx_word' id='word_1_302' title='bbox 769 3510 874 3578; x_wconf 83' lang='lat' dir='ltr'><strong>spiritu</strong></span> <span class='ocrx_word' id='word_1_303' title='bbox 892 3511 996 3564; x_wconf 89' lang='lat' dir='ltr'><strong>erroris</strong></span> <span class='ocrx_word' id='word_1_304' title='bbox 1011 3515 1039 3562; x_wconf 86' lang='lat' dir='ltr'><strong>et</strong></span> <span class='ocrx_word' id='word_1_305' title='bbox 1053 3523 1131 3562; x_wconf 85' lang='lat' dir='ltr'><strong>men·</strong></span> 
     </span>
     <span class='ocr_line' id='line_1_40' title="bbox 133 3583 964 3662; baseline 0.005 -22"><span class='ocrx_word' id='word_1_306' title='bbox 133 3583 211 3641; x_wconf 80' lang='lat' dir='ltr'><strong>dnoil</strong></span> <span class='ocrx_word' id='word_1_307' title='bbox 232 3593 415 3662; x_wconf 58' lang='lat' dir='ltr'><strong>suggestas„</strong></span> <span class='ocrx_word' id='word_1_308' title='bbox 587 3615 591 3622; x_wconf 87' lang='lat'><strong>·</strong></span> <span class='ocrx_word' id='word_1_309' title='bbox 702 3623 705 3628; x_wconf 88' lang='lat'>·</span> <span class='ocrx_word' id='word_1_310' title='bbox 857 3619 864 3630; x_wconf 43' lang='lat' dir='ltr'><strong>s</strong></span> <span class='ocrx_word' id='word_1_311' title='bbox 960 3604 964 3612; x_wconf 77' lang='grc'><em>“</em></span> 
     </span>
    </p>
   </div>
   <div class='ocr_carea' id='block_1_7' title="bbox 0 0 1170 3880">
    <p class='ocr_par' dir='ltr' id='par_1_10' title="bbox 0 0 1170 3880">
     <span class='ocr_line' id='line_1_41' title="bbox 0 0 1170 3880; baseline 0 3"><span class='ocrx_word' id='word_1_312' title='bbox 0 0 1170 3880; x_wconf 95' lang='lat' dir='ltr'><strong> </strong></span> 
     </span>
    </p>
   </div>
  </div>
 </body>
</html>
