2314 3888
120 200 182 269 184
381 217 386 224 ·
435 229 470 241 ¹=
527 215 699 264 coenante.
786 217 791 224 “

123 339 210 398 misse
232 339 417 408 prescriptos.
462 339 551 405 Quam
574 351 654 392 suam
675 339 848 396 sententiam
869 348 939 394 oum
956 341 1116 394 retulissent

124 421 162 478 ad
181 417 304 472 eundem
325 419 493 473 Pontificem
517 419 689 484 maximum,
711 419 795 472 illam
816 419 1041 474 humanissimis
1061 437 1116 474 ver·

125 503 170 557 bit
192 513 251 554 nen
272 498 365 552 seium
384 497 536 566 probavit,
564 497 616 552 scd
644 497 825 552 authoritatis
847 501 1032 568 apostolicae
1051 515 1116 570 pon·

125 581 192 636 dere
214 579 249 632 de
269 579 381 648 integre
403 579 596 637 confirmarit,
621 575 709 631 Brevi
727 575 794 632 dato
813 575 946 632 adhunc
963 572 1118 633 CleriGal-

125 659 217 716 licani
245 669 373 722 coetum,
409 658 460 726 qui
488 664 558 710 tunc
583 655 754 726 propediem
782 655 933 728 cogendus
961 668 1040 726 erat,
1067 660 1119 712 nisi

127 753 224 796 usurae
250 737 391 808 quaedam
419 735 606 790 obstitissent
657 736 744 791 Porro
772 733 840 790 dum
858 745 1044 792 conventum
1066 737 1119 808 agi-

128 833 205 884 mus,
227 818 353 886 primum
376 815 458 870 nobit
479 813 608 871 sudium
628 817 685 870 iuit
704 815 826 870 tuendae
842 817 1017 888 religionis,
1040 833 1118 888 quam

128 899 164 954 ab
189 897 305 952 infestis
327 895 515 953 calvinianae
543 895 692 950 haereseos
718 905 889 949 sectatorum
918 896 1118 951 molitionibus

128 975 279 1034 vindicus
299 975 480 1041 aurasium,
502 973 654 1042 impetrato
675 987 697 1028 ιι
712 976 868 1030 clementia
885 975 1120 1030 christianissimi

129 1057 220 1112 nestri
242 1058 315 1126 regis
336 1053 526 1124 adiutusque
548 1053 672 1108 notarios
693 1053 811 1108 illenim
825 1061 947 1108 conotus
966 1071 1121 1125 repressum
1152 1095 1153 1102 ι

129 1139 166 1193 ιιι
187 1135 271 1189 nobis
293 1136 393 1188 merito
414 1131 595 1202 pollicemur.
640 1133 767 1188 Priorem
794 1149 894 1187 euram
921 1137 1047 1204 excepit
1070 1137 1122 1188 alia

129 1215 177 1272 illi
199 1229 333 1288 germana
354 1212 391 1268 ob
413 1213 517 1266 erroris
538 1213 721 1278 societatem,
751 1212 787 1266 de
812 1213 1123 1284 prodigauda'danse-

130 1299 218 1358 tiana
232 1294 386 1360 icauna,
408 1291 508 1352 Breuis
524 1292 683 1382 apostolici
698 1291 860 1362 majestate,
883 1293 967 1363 quod
983 1295 1123 1364 dequesti

130 1385 212 1432 coetu
241 1375 315 1443 legi,
344 1372 573 1444 promulgari,
566 1370 599 1424 in
628 1379 702 1428 acte
712 1369 820 1442 redigi,
849 1373 1043 1443 omniumque
1065 1373 1125 1427 sub
1152 1371 1153 1442 ἶ

131 1454 338 1524 scriptionibus
360 1452 467 1506 muniri
489 1442 679 1503 decrevimus.
721 1450 829 1504 Eadem
851 1467 918 1505 saue
942 1454 1053 1506 mentis
1073 1454 1126 1506 ala-
1152 1455 1153 1458 ’

131 1536 231 1590 oritate
259 1532 337 1587 illud
362 1531 557 1600 suscepimus,
586 1545 643 1600 qua
657 1531 791 1584 Concilii
811 1531 944 1584 Africani
969 1529 1072 1586 Patres
1092 1532 1123 1584 ab
1152 1557 1153 1594 4

131 1615 203 1684 ipsis
225 1613 380 1680 expetitam
403 1611 511 1664 Zosimi
531 1609 692 1680 Epistulam
714 1610 841 1679 amplexi
862 1621 948 1677 sunt,
979 1627 1057 1681 qnae
1080 1613 1125 1664 Pe·
1152 1637 1153 1646 ι

131 1693 203 1764 logii
225 1702 311 1760 atque
333 1689 470 1742 coelestii
491 1693 614 1754 errores,
638 1703 709 1758 qnos
731 1689 894 1742 clanculum
915 1689 1124 1761 propagabant,

130 1770 323 1843 peremptorie
353 1769 465 1822 decreto
493 1767 657 1837 prostravit.
698 1767 939 1822 lisdemartibus
963 1781 1124 1840 §assamur

130 1851 222 1903 novae
251 1856 343 1903 sectae
373 1845 527 1917 discipuli,
558 1863 591 1901 ae
618 1855 765 1916 praetereo
793 1857 825 1900 ut
852 1864 869 1900 e
895 1849 1048 1918 capitibus
1070 1851 1122 1903 suis

132 1929 264 1982 fulminis
286 1928 440 1996 apostolici
462 1927 636 1984 amoliuntur
653 1927 742 1980 ictum
764 1922 848 1997 (licet
862 1927 1021 1983 obfirmate
1035 1930 1124 1982 anime

131 2002 261 2080 quinque
279 2009 495 2078 prepositiones
511 2007 649 2062 Jausenic
669 2005 771 2060 iterum
786 2004 984 2078 adjudicent),
1009 2009 1047 2062 sd
1059 2005 1123 2061 'iacti

134 2089 345 2158 quaestionem,
367 2085 657 2156 laurenrentium
677 2087 743 2140 ialli
763 2100 846 2156 pesse
868 2087 993 2153 decent,
1021 2093 1125 2142 centro·

98 2173 104 2189 ⁴
133 2169 255 2223 versiam
278 2165 419 2220 deducere
434 2167 580 2219 nituntur.
612 2165 690 2230 Quas
705 2165 886 2237 ingeniorum
900 2171 1050 2222 versutias
1065 2181 1127 2220 vera

133 2247 328 2318 prudentique
356 2245 509 2300 verberum
538 2246 738 2314 complexione
762 2247 880 2317 iniiegit
900 2247 996 2301 Breve
1019 2255 1125 2318 aposto

133 2329 238 2392 licum,
258 2327 347 2396 'quod
359 2337 361 2346 ¹
375 2325 454 2378 tricis
481 2325 542 2378 illis
564 2323 744 2394 syllabarum
765 2321 802 2377 ad
824 2321 1000 2380 umbratiles
1021 2327 1125 2381 schola·

133 2411 197 2462 ium
227 2405 448 2474 disputationes
464 2405 613 2475 relegatis,
651 2401 865 2474 decisionioqne
892 2407 1066 2460 auctoritate
1090 2403 1124 2457 ad

129 2486 211 2558 juris¹
222 2487 417 2556 quaestionem
433 2483 576 2553 restiicta,
598 2482 759 2537 doctrinam
773 2484 920 2550 dausenii·
938 2498 1031 2554 quam
1045 2497 1125 2555 opere

133 2567 203 2620 illo·
216 2577 266 2618 suo
293 2563 437 2634 explicuit
464 2564 495 2616 in
526 2564 755 2633 propositionum
788 2565 966 2618 cou'iixarum
999 2567 1125 2629 materia,

134 2637 284 2718 pontilicis
305 2643 508 2698 contutatione
523 2643 694 2696 demnatum
716 2643 804 2696 icisse
824 2643 962 2698 declarat.
996 2645 1040 2696 At
1054 2646 1127 2698 enim

134 2735 166 2784 ut
186 2738 216 2779 se
227 2722 417 2780 'damnationi
433 2721 616 2788 subducunt,
627 2723 856 2776 ,celeberrimum
873 2723 955 2776 nesti
970 2724 1127 2794 Augustini
1152 2711 1153 2736 ³

134 2809 238 2858 nomen
260 2799 435 2869 obtendunt,
458 2801 540 2872 enjus
561 2801 710 2856 doetrinae
730 2796 946 2872 seproiitentu'r
960 2817 1024 2856 esse
1041 2810 1127 2858 secta·
1152 2813 1153 2824 ¹

135 2893 225 2949 teres,
247 2882 399 2952 repudiate
422 2883 523 2947 etiam,
546 2883 571 2934 si
590 2890 635 2935 res
656 2883 817 2936 eernm'ita
838 2883 947 2947 ierant,
970 2883 1040 2952 ipso
1060 2884 1127 2938 lan·

134 2965 240 3016 sonim
258 2961 359 3032 vliujus
378 2969 475 3014 tamen
496 2954 600 3030 prauae
614 2969 649 3014 iet
667 2959 811 3028 detortas,-
824 2983 825 2988 ¹
840 2975 911 3032 quas
933 2961 972 3014 ad
995 2961 1123 3016 Doctoris

134 3043 242 3111 egregii
262 3035 341 3096 loces
358 3035 495 3106 adhibet,
518 3041 767 3108 interpretationes
782 3041 1008 3110 amplectuntur,
1030 3043 1125 3109 sitque

134 3121 302 3185 magistrum
332 3118 422 3173 illum¹
449 3119 589 3188 optimum
620 3132 636 3172 a
668 3117 829 3174 Caelestino
858 3116 1029 3185 laudatum‘,
1061 3119 1125 3174 dnm

136 3195 232 3247 verbis
247 3186 367 3263 colunt,
396 3197 526 3260 adultere
554 3211 639 3254 sensu
664 3199 784 3254 violam
827 3199 911 3265 Quod
933 3216 951 3252 a
972 3199 1060 3254 nobis
1081 3197 1126 3252 ad-
1152 3211 1153 3218 ¹

138 3273 229 3323 notari
252 3275 392 3340 oportuit,
414 3278 448 3345 ιι
466 3279 545 3332 actis
560 3279 595 3331 de
610 3277 713 3332 Brevis
732 3279 964 3350 promulgatione
978 3280 1125 3339 coniectis

137 3355 168 3398 ιιι
188 3361 286 3402 eorum
306 3349 518 3411 'calliditatibus
540 3357 630 3412 iretur
649 3359 783 3424 obviam,
812 3358 918 3428 quibus
945 3359 1127 3412 incautorum

137 3431 164 3474 et
184 3425 360 3492 simplicium
383 3435 486 3488 anitnie
507 3437 654 3504 illudunt,
684 3452 734 3492 ac
742 3435 771 3492 oi
799 3438 991 3509 Augustiuum
1024 3451 1127 3491 assere·
1152 3477 1153 3480 ,

138 3507 200 3552 rent
228 3504 300 3573 ipsi
329 3521 346 3558 a
373 3511 466 3579 eujus
460 3521 573 3568 tamen
597 3512 739 3571 sententia
758 3518 944 3586 pertinaciter
965 3515 1126 3577 discedunt

137 3591 210 3645 quse
237 3595 294 3646 per
304 3586 548 3696 constitutionem
571 3594 606 3648 tle
628 3596 681 3662 ιιι
697 3610 784 3668 qnae
814 3603 885 3652 snut
906 3595 1024 3667 regulae
1051 3593 1128 3650 Fidei
