2316 3892
392 89 429 150 ιι
444 89 670 136 ιιιοιιιιιιιιοιιι.

352 351 582 422 SEOTIO
626 351 699 419 Vll.

67 484 117 542 Dc
143 481 272 542 carust
296 481 429 541 Domini
449 481 484 537 ln
508 480 622 538 coelos
645 482 905 540 ammoneat
927 483 972 540 ad

278 550 456 610 ‹luteren-
473 549 772 611 ramusculum.
826 585 830 604 ι
876 599 879 608 ,

81 683 105 738 l.
155 685 237 738 Sicut
260 681 296 736 de
317 682 541 748 resurrectione,
563 683 605 738 sic
627 681 712 735 etiarn
734 681 769 736 de
791 681 957 736 ascensione
977 679 1020 736 di-

30 756 146 818 cendum
172 772 230 828 est,
254 763 398 832 Christum
422 761 576 826 Dominum
599 770 656 814 nou
679 761 774 816 eliens
795 776 865 834 ope,
888 759 938 814 sed
955 776 1020 831 pro-

28 845 83 912 pris
103 846 218 899 virtute
239 847 300 898 tum
323 839 502 908 divinitatis,
531 849 590 896 tum
618 842 703 896 etiam
724 839 911 894 humanitatis
932 839 1020 910 glori·

30 923 119 976 lcatse
143 923 185 976 sd
206 921 302 977 coelos
324 917 496 992 escendisse.
531 919 574 974 lta
596 921 624 976 S.
640 921 746 974 Doctor
760 927 868 994 quaest.
885 919 931 974 57.
954 933 979 972 ι.
992 917 1019 974 3.

79 1002 165 1058 Sicut
194 1009 289 1058 eutem
318 1001 508 1055 certissimum
535 1009 593 1067 est,
623 999 767 1054 Christum
797 999 952 1066 DomInnm
982 995 1020 1054 ed

31 1083 116 1136 coelos
148 1079 331 1146 ascendisse,
364 1080 406 1134 sic
435 1079 519 1146 etiem
548 1079 852 1134 convenientissimum
881 1078 952 1144 fuit,
988 1085 1020 1132 ut
1099 1078 1117 1091 ’“

30 1159 96 1214 idem
126 1160 157 1215 8.
177 1161 285 1214 Doctor
312 1159 385 1213 dicit
406 1175 430 1212 ι.
447 1157 474 1212 6.
524 1159 596 1212 Cum
623 1149 700 1212 enirn
727 1159 808 1213 loeus
835 1157 938 1212 debeet
959 1171 1019 1212 esso

30 1239 116 1294 locato
146 1239 401 1308 proportionatum,
431 1237 498 1292 hinc
521 1241 665 1310 sequitur,
695 1240 809 1307 corpori
831 1237 938 1293 Christi
960 1237 1020 1308 glo·

33 1319 99 1373 rioso
127 1329 159 1373 et
186 1316 406 1392 incorruptibili
428 1317 523 1372 locum
544 1317 653 1390 gloriae
675 1324 702 1372 et
723 1316 950 1385 incorruptionis
972 1316 1021 1370 de-

30 1395 113 1452 hitum
137 1399 237 1452 fuisse.

81 1477 224 1544 Quaeres,
255 1491 312 1547 quo
334 1471 466 1532 Christus
486 1475 663 1542 escenderit,
693 1489 741 1528 scu
771 1476 903 1544 quisnam
934 1476 1019 1530 luerit

33 1559 161 1612 terminus
185 1557 361 1611 ascensionis
383 1555 453 1628 eJ'us.
504 1611 505 1616 χ
572 1583 574 1586 -
799 1617 802 1624 Ι

82 1635 252 1706 Respondet
272 1633 301 1690 S.
317 1636 423 1690 Doctor
445 1642 552 1706 quaest.
570 1634 616 1710 57.
640 1626 692 1688 ιἰι.
709 1633 736 1686 l.
771 1633 878 1688 Christi
900 1633 1017 1694 Domini

32 1712 232 1772 humanitatem
261 1715 349 1770 luisse
378 1728 464 1784 supra
494 1729 590 1768 omncs
618 1713 713 1769 coelos
742 1713 899 1780 elevatam,
931 1711 1019 1785 juxta

35 1795 101 1861 qnod
123 1795 204 1852 dixit
225 1795 383 1866 Apostolus
404 1791 508 1863 Ephes.
527 1793 551 1847 l.
581 1793 660 1863 quod
681 1793 756 1848 Dens
779 1793 863 1849 Peter
884 1793 1020 1848 constituit

34 1871 95 1928 ihm
115 1879 145 1931 s‘rr
170 1875 326 1928 coetestem
347 1873 384 1930 ad
404 1875 540 1928 dexteram
560 1889 636 1926 suam
654 1890 739 1946 supro
758 1889 859 1934 omnem
873 1873 1021 1942 Psinomo-

36 1959 91 2020 tum,
113 1963 140 2010 ct
162 1955 339 2018 Pete-statem,
371 1962 396 2008 et
421 1950 562 2016 Virtutem,
592 1949 867 2015 ammirationem,
897 1962 923 2006 et
944 1969 1019 2005 omne

34 2030 141 2100 Nomen,
167 2035 238 2104 quod
257 2035 410 2088 nominatur
430 2050 482 2088 corr
502 2033 619 2086 solom'
609 2049 637 2084 ιιι
658 2033 707 2086 hoc
725 2031 846 2102 sacerdo
870 2033 1018 2086 sedetiam

36 2110 57 2160 t'n
69 2111 182 2181 suturts,
204 2121 229 2166 et
250 2115 339 2168 omniu
359 2113 471 2182 subjecit
490 2113 538 2165 seb
554 2111 673 2182 pedihus
694 2111 760 2179 ejus.

84 2193 233 2248 Caeterum
256 2185 416 2266 quomodo,
437 2200 465 2248 et
486 2207 542 2262 quo
563 2192 636 2258 situ,
662 2198 690 2246 et
709 2189 740 2244 in
763 2203 820 2262 qne
842 2189 916 2244 coeli
936 2195 1018 2256 purte

34 2269 64 2321 sit
88 2287 194 2344 corpus
223 2271 331 2326 Christi
360 2269 494 2337 Domini,
524 2283 781 2338 supervacaneum
800 2275 842 2322 cst
870 2280 1018 2338 quaerere,

37 2355 61 2400 ut
79 2351 170 2407 aits.
185 2351 364 2421 Augustinus
385 2349 437 2406 lib.
461 2349 495 2404 de
510 2347 583 2404 Frde
597 2356 625 2402 et
639 2347 739 2420 symb
762 2362 825 2417 csp
840 2343 867 2402 6.
895 2351 1018 2402 tentum·

35 2427 164 2486 modom
187 2431 268 2486 coelo
289 2446 350 2488 esse
372 2429 546 2486 credendum
569 2435 619 2482 est.
659 2425 723 2482 Non
746 2425 822 2480 enim
844 2433 886 2479 est
908 2425 1019 2496 fragili·

36 2508 90 2562 tatis
110 2518 241 2577 nostrae,
270 2511 414 2566 coelorum
443 2518 551 2563 secretu
572 2509 731 2580 discutere,
763 2505 815 2560 sed
843 2515 885 2560 est
906 2511 1019 2559 nostrae

35 2580 117 2656 Fidei,
149 2587 184 2650 (le
212 2589 353 2646 dominici
379 2589 508 2658 corporis
530 2589 671 2660 dignitate
693 2585 830 2642 sublimia
851 2594 879 2640 et
898 2583 1019 2638 honesta

36 2677 141 2736 tepere,
165 2676 196 2724 ut
215 2667 326 2722 ibidem
349 2667 430 2722 dicit

85 2747 110 2800 2.
156 2747 239 2815 Quod
267 2755 375 2818 spectet
403 2746 440 2802 ed
469 2747 624 2812 sessionem
645 2747 737 2816 ipsius
760 2745 867 2800 Christi
889 2741 1017 2814 Domini,

37 2835 97 2890 quse
109 2807 228 2886 dicitur
249 2843 309 2882 esse
330 2823 367 2884 ad
389 2825 537 2897 dexteram
556 2825 666 2891 Patris,
687 2823 896 2882 observandum
919 2829 961 2876 est
982 2837 1018 2876 ex

39 2899 59 2953 8.
73 2904 191 2962 Doctore
207 2923 254 2978 qu.
268 2907 314 2964 66.
331 2909 480 2978 figuralem
496 2921 556 2960 esse
570 2903 654 2961 istem
670 2905 860 2969 locutionem3
882 2899 1018 2972 proinde-

39 2991 83 3048 que
103 3001 160 3042 non
183 2981 361 3056 corporalem
378 2983 505 3056 aliquam
521 2983 689 3051 sessionem,
712 2983 761 3039 sed
778 2981 1017 3053 tranquillitatem

39 3065 240 3120 enormitatem
263 3065 480 3138 stetnsgloriee
495 3065 601 3120 Christi
618 3063 734 3120 Domini
756 3061 859 3118 debere
880 3061 1019 3134 intelligi,

40 3141 76 3192 vel
96 3145 179 3200 etism
201 3147 307 3216 regiam
330 3161 362 3200 re
378 3139 567 3216 jndiciariam
589 3142 650 3213 ejus
671 3149 849 3212 potestatem.
891 3144 971 3198 Sient
991 3147 1019 3193 et

39 3223 141 3279 romine
171 3225 305 3280 dexterae
326 3224 420 3280 Petris
449 3239 504 3278 non
527 3221 706 3294 significatur
726 3236 794 3290 pers
815 3221 869 3276 ille
891 3219 1020 3290 corporis

41 3291 160 3368 humani
183 3319 257 3376 quae
279 3304 444 3374 appelletur
465 3301 583 3361 dextera
610 3303 689 3370 (cum
712 3301 788 3354 enlm
808 3301 887 3354 Deus
909 3301 946 3354 sit
967 3315 1019 3372 pn·

42 3375 154 3438 sissimus
176 3383 313 3454 spiritus,
343 3383 419 3438 nihil
448 3381 477 3436 in
501 3397 535 3436 eo
556 3395 724 3452 corporeum
746 3381 866 3450 cogitari
888 3379 930 3433 les
952 3379 1018 3448 est),

42 3457 81 3508 sed
114 3463 204 3532 ipsius
244 3461 345 3521 divine
379 3461 527 3518 beatitudo
563 3470 590 3516 et
625 3459 737 3532 glorie,
776 3473 850 3529 quae
884 3457 1019 3512 dexterae

75 3555 152 3612 lhrtly.
168 3559 262 3644 naulis
280 3557 410 3611 theologice.
441 3557 458 3598 1.
815 3533 856 3600 22
958 3609 963 3628 Ι
