2294 3892
131 120 204 192 W
535 135 716 188 neumau-

195 258 312 318 Goastat
331 257 362 312 iu
384 255 486 328 priuis
507 271 545 314 ax
565 255 722 326 scriptura
758 255 844 313 Pron.
858 254 886 311 4.
922 255 1058 312 Juatnnsa
1075 272 1111 308 se·

134 340 200 398 mita
220 338 303 408 quusi
320 337 365 390 lux
384 337 527 407 splottdcaa
547 337 642 390 cresus
662 353 746 406 usqua
766 337 796 388 iu
812 336 964 406 perfeetum
984 337 1068 400 dicam
1092 341 1114 388 et

134 420 226 488 Apso.
242 415 289 476 22·
334 416 490 486 st'justtts
511 425 564 479 est,
586 416 750 486 justificetur
777 416 878 479 adduc,
907 424 934 468 at
953 417 1001 486 qus·
1021 423 1113 470 annuus

133 507 180 562 sat,
202 497 383 567 munificator
402 495 498 552 adduc.
533 494 645 552 Deinde
667 511 704 552 ex
719 495 851 553 Concilio
867 493 999 550 Trident.
1016 493 1111 548 mani

135 593 159 634 o.
176 573 221 631 10.
244 575 296 630 ubi
318 575 407 646 dicit,
427 575 592 646 justificatos
612 577 639 627 in
660 577 722 646 ἱρεα
735 575 846 644 justitio
862 592 916 644 per
939 575 1043 630 curiati
1058 590 1115 642 pru·

134 659 199 714 tium
227 664 339 728 aucuns
366 664 525 726 cooperante
546 655 613 710 Fide
642 655 718 710 bunia
746 655 870 726 operibor
898 671 1019 708 ereecm
1049 663 1115 723 utque

133 737 219 808 mppr}
232 735 390 806 justificari.

144 875 155 882 ,
195 813 414 873 Observandum
436 821 478 868 est
499 822 605 878 autem,
628 813 736 884 gratioe
755 809 915 868 habitualis
933 827 983 868 suu
999 811 1116 866 caritatis

134 900 317 967 augmentum
338 909 395 948 non
417 893 480 948 deri
502 893 593 947 instar
614 894 737 948 aliarum
756 893 894 948 virtutum
910 893 1115 962 acquisitarum,

134 988 206 1046 quae
228 972 363 1046 quidem,
392 973 468 1028 sicut
488 988 538 1044 per
560 980 640 1026 actus
660 971 875 1044 producuntur,
905 971 947 1025 sic
969 971 1056 1026 etiam
1074 985 1117 1040 per

134 1049 248 1109 eosdem
278 1051 418 1126 augentur
447 1059 475 1106 et
502 1051 699 1106 intenduntur.
749 1051 820 1108 Cum
849 1052 926 1105 enim
948 1053 1056 1122 gratiae
1076 1065 1117 1103 seu

134 1131 263 1188 caritatis
283 1131 400 1187 babitus
422 1145 480 1186 uon
500 1130 677 1201 producatur
698 1145 751 1200 per
770 1137 865 1197 actus,
891 1129 942 1184 sed
963 1147 979 1184 a
1001 1129 1061 1185 Deo
1081 1131 1118 1183 in·

134 1212 287 1278 laudatur,
316 1218 499 1284 augmentum
525 1211 608 1264 illius
636 1226 653 1263 a
680 1211 742 1264 solo
771 1209 830 1264 Deo
859 1215 916 1276 est,
947 1219 1080 1279 tauquam
1105 1224 1117 1260 a

134 1305 221 1350 cansa
242 1291 399 1357 eliciente,
425 1303 483 1345 uon
506 1303 573 1344 veru
595 1288 633 1342 ab
653 1289 767 1343 actibus
789 1289 875 1343 bonis
897 1289 1023 1344 huminis
1039 1287 1118 1360 justi·

134 1373 229 1438 ficati,
256 1371 317 1424 nisi
344 1377 486 1441 quatenus
513 1383 567 1440 per
592 1368 661 1423 illos
687 1365 779 1437 ipsius
808 1369 917 1440 gratiae
945 1375 974 1422 et
999 1369 1118 1422 caritatis

133 1457 317 1524 augmentum
337 1456 532 1520 promeretur,
555 1455 587 1502 nt
607 1450 701 1517 capite
721 1449 852 1519 sequenti
874 1447 1012 1504 dicemus.

193 1529 221 1584 2.
265 1529 348 1598 Quod
371 1536 480 1598 spectat
506 1527 544 1582 ad
571 1527 727 1582 secundam
755 1528 933 1597 quaestionis
960 1528 1117 1598 propositae

132 1615 261 1680 partam',
291 1606 446 1664 dicendum
475 1615 533 1675 esi,
564 1607 685 1679 gratiam
706 1607 884 1663 habitualem
906 1621 955 1661 seu
976 1607 1117 1660 caritatem

133 1689 226 1742 minui
247 1703 306 1742 nun
327 1702 422 1756 posse.
462 1686 507 1740 Ita
529 1688 556 1740 S.
576 1687 701 1741 Thomas
722 1701 784 1756 sup.
808 1695 859 1741 art.
878 1685 922 1741 to.

192 1765 277 1833 Quod
297 1765 402 1836 probat
422 1782 459 1820 ex
480 1781 526 1832 eo,
549 1766 627 1837 quod
648 1767 674 1820 si
695 1766 880 1834 minueretur,
903 1766 957 1835 lloc
979 1767 1059 1820 fieret
1077 1757 1132 1818 vel³

132 1861 184 1918 per
206 1847 394 1901 cusationem
416 1843 454 1900 ab
474 1845 589 1900 actibus
610 1846 703 1917 ipsius
719 1847 861 1916 caritatis,
883 1846 930 1900 rel
944 1861 998 1916 per
1011 1847 1115 1916 aliquos

133 1931 214 1981 actus
234 1924 295 1981 sibi
315 1927 493 1994 contrarios3
515 1925 591 1980 sieut
611 1933 641 1980 eo
653 1925 684 1980 in
698 1925 858 1980 virtutibus
870 1925 1033 1996 acquisitis,
1055 1939 1115 1996 quae

133 2013 256 2076 utruque
284 2006 339 2060 illo
366 2003 453 2063 medo
479 2005 667 2071 minuuntur,
694 2005 765 2076 quia
782 2004 964 2081 *opaservatio
987 2003 1115 2077 cujusque

133 2085 175 2148 rei
197 2085 341 2156 dependat
362 2101 379 2142 a
399 2101 452 2144 sua
472 2100 581 2152 causas
606 2085 722 2140 virtutis
744 2091 842 2140 sutem
860 2085 1023 2156 acquisitae
1041 2096 1116 2140 causa

133 2173 201 2222 sunt
220 2165 313 2234 ipsius
334 2172 431 2231 actua,
455 2163 529 2227 unde
549 2165 613 2223 illis
632 2163 831 2230 cessantibus,
858 2165 904 2220 vel
924 2165 1115 2220 aliis-contra·

134 2245 186 2300 riis
214 2243 438 2303 advenientibus
462 2244 607 2313 ,paulatim
626 2244 770 2298 minuitur
790 2243 884 2314 ipsius
905 2243 1023 2301 virtutis
1043 2242 1115 2298 habi·

133 2332 192 2396 tas,
212 2339 246 2380 ao
267 2323 385 2380 tandem
405 2323 532 2378 totaliter
552 2324 754 2394 corrumpitur.
790 2323 851 2379 lios
871 2331 969 2382 autem
988 2323 1021 2384 in
1034 2322 1115 2394 gratis

134 2420 184 2464 seu
205 2405 324 2461 uanitate
345 2403 443 2460 locum
463 2419 521 2468 non
542 2402 645 2460 babet:
676 2401 837 2462 cumcuim
859 2403 988 2460 carimtis
1009 2402 1116 2456 habitus

132 2498 229 2556 neque
249 2483 441 2553 producatur,
470 2497 565 2554 neque
584 2489 723 2552 augeatur
743 2496 796 2552 peu
816 2489 913 2550 setus,
935 2483 1008 2546 hinc
1028 2483 1070 2548 fit,
1089 2485 1114 2532 ut

135 2561 280 2636 (praecise
305 2560 466 2634 loquendo)
491 2577 544 2632 per
572 2568 688 2620 actuum
717 2561 905 2624 cessationem
934 2561 1042 2620 directe
1066 2574 1115 2614 non

134 2645 297 2712 minuatur,
326 2657 420 2714 neque
448 2642 535 2697 etiam
562 2656 614 2712 per
638 2647 718 2696 aetus
738 2642 898 2696 contrarius
918 2655 969 2694 seu
990 2655 1042 2710 per
1060 2653 1116 2709 pec·

134 2731 210 2781 cata:
233 2729 385 2793 peccatum
406 2722 492 2785 enim,
515 2722 541 2776 si
561 2720 681 2779 mortale
702 2720 748 2786 sit,
769 2735 828 2774 non
847 2720 961 2786 minuit,
984 2719 1036 2776 sed
1055 2725 1131 2790 tota}

133 2805 200 2857 liter
222 2803 351 2859 caritatis
371 2799 503 2856 habitum
519 2800 687 2870 corrumpit,
710 2798 964 2866 utmuxdicetu13
987 2800 1013 2853 si
1033 2805 1114 2852 autem

133 2883 248 2937 veniale
270 2883 316 2951 sit,
336 2880 468 2936 habitum
484 2881 612 2934 caritatis
631 2893 688 2933 nun
702 2879 824 2945 minuit3
843 2879 960 2933 sienim
975 2879 1114 2940 minueret,

135 2961 181 3015 vel
203 2961 347 3031 effective,
376 2959 423 3015 vel
444 2959 590 3014 meritorie
611 2959 768 3025 minueret3
798 2973 855 3013 nun
881 2958 1030 3024 effective,
1058 2955 1114 3027 quia

134 3040 192 3109 ipsi
221 3041 334 3095 caritati
362 3056 419 3095 non
447 3040 620 3110 opponitur,
649 3053 742 3108 neque
770 3035 855 3092 etiam
883 3037 1045 3092 meritorie:
1076 3033 1115 3104 qui

134 3119 211 3173 enim
233 3118 379 3190 delinquit
399 3120 430 3173 in
452 3119 558 3172 minori
578 3115 626 3188 (ut
647 3119 687 3171 ait
709 3117 735 3172 S.
753 3115 888 3188 Ductor),
917 3133 975 3172 uon
1006 3124 1115 3170 meretur

135 3198 337 3250 detrimentum
358 3197 389 3250 iu
410 3195 544 3268 majori,v
559 3211 653 3268 neque
675 3197 751 3252 Deus
774 3209 803 3250 sc
825 3195 861 3249 ab
889 3196 1006 3250 humine
1037 3193 1114 3264 magis

136 3275 255 3339 avertit,
285 3288 371 3342 quam
398 3277 483 3330 homo
512 3281 623 3330 avertat
651 3291 680 3331 se
707 3275 837 3344 abipso.
889 3273 975 3343 Quod
995 3273 1115 3346 quamvis

137 3364 236 3418 verum
262 3353 314 3416 sit,
343 3359 418 3406 recta
445 3361 540 3411 umen
568 3362 666 3410 mouet
694 3356 720 3408 S.
743 3354 848 3409 Ductor
869 3353 997 3419 ibidem,
1026 3355 1115 3422 aliquo

137 3441 222 3482 sensu
243 3427 303 3480 diei
323 3443 416 3495 posse,
437 3440 629 3502 perpaucula
650 3434 778 3488 venialia
800 3434 846 3488 vel
866 3449 918 3502 per
937 3434 1115 3488 cessationem

135 3503 172 3557 ab
194 3505 330 3558 exercitio
350 3505 493 3564 bonorum
515 3523 634 3580 operum
654 3511 795 3570 indirecte
816 3515 909 3568 minui
933 3510 1100 3584 gratiamvel
