2304 3888
221 95 231 126 N

113 162 172 241 lie
513 191 549 232 us
570 191 701 234 ιιιιιιιι.

112 311 264 366 daemones
294 319 432 366 uocantur
459 309 601 364 immundi
628 311 757 380 spiritus
799 309 909 365 Nomen
933 317 1029 368 aulem
1052 314 1110 382 spi·

112 393 183 448 ntus
204 391 235 444 in
256 389 431 482 Scripturis,
460 405 526 446 cum
553 391 732 446 substantiae
760 391 937 462 intelligenti
958 390 1106 458 tribuitur,

111 469 230 528 nonnisi
251 479 310 524 rem
329 469 800 544 incorporeamsigniieuresolei:
818 470 1013 540 quoseusns
1015 471 1107 562 ¹ioasi.

113 562 176 620 cap.
192 549 220 604 4.
242 549 365 604 dieitur:
392 549 512 620 Spiritus
532 559 572 604 est
592 549 677 604 Deus

171 627 354 687 Ριοιιιιιιιι2.
380 645 417 684 ex
438 629 534 684 verbis
555 629 683 684 Consilii
706 629 908 684 iateranensis
929 641 1019 699 supra
1041 631 1109 684 sita

112 707 165 776 tis,
187 709 295 779 quilius
313 709 422 782 Angeli
443 707 646 781 significantur
665 709 783 764 nomine
805 715 954 762 creaturae
975 709 1112 814 spiritua-

111 787 165 855 lis,
187 797 274 858 prout
294 791 452 858 opponitur
472 787 649 858 corporali·

171 865 354 922 Probatur&
385 883 421 922 ex
443 868 492 922 SS.
509 866 661 922 Patribus:
703 865 877 940 signatius
903 867 934 920 lu
955 865 1050 936 Epist
1075 866 1111 921 ati

111 945 278 1002 Trallianos
298 947 428 1018 Angelos
449 953 534 1002 vocat
554 947 728 1018 incorporeus
748 955 870 1001 noturus.
909 947 936 1000 S.
953 944 1110 1018 Gregorius

11 1043 24 1058 ‘
110 1025 258 1096 llyssenus
285 1025 338 1080 lib.
358 1025 402 1080 12.
433 1034 532 1082 contra
552 1025 728 1080 Eunomlum
757 1029 930 1098 incorporeos
959 1035 1111 1080 uenturus.

108 1105 138 1160 S.
156 1104 311 1177 Gregorius
325 1103 529 1162 Nazianzenus
544 1113 615 1160 orat.
628 1105 676 1159 at.
698 1106 880 1176 intelligibiles
895 1107 1111 1180 stirsrorporeos

108 1185 283 1241 substantias.
326 1187 353 1240 S.
372 1185 530 1256 Dionysius
552 1185 588 1238 tle
603 1183 663 1240 div.
679 1183 761 1239 Nom.
786 1201 849 1258 cap.
865 1186 893 1240 4.
915 1187 1109 1254 incorporales,

109 1264 292 1336 iuteliqibiies'
311 1265 519 1336 spiritualesque
539 1261 719 1330 substantioe,
749 1267 821 1318 omui
840 1267 957 1318 molesia
977 1275 1112 1320 carentes.

110 1341 285 1400 §.ioannes
305 1343 501 1399 Damascenus
523 1343 576 1398 lib.
591 1343 619 1396 2.
643 1343 679 1398 tis
700 1341 784 1409 lillis,
815 1359 878 1415 esp.
894 1345 921 1398 3.
943 1344 1112 1398 missenum

110 1420 301 1493 ursanum,
324 1425 456 1478 moeniae
477 1433 557 1494 utque
578 1425 700 1494 eorporis
721 1428 852 1494 aperies
922 1457 924 1462 ·

72 1539 75 1554 .
169 1498 354 1556 Probaturi.
377 1500 589 1574 hesitatione,
607 1517 666 1574 qua
694 1503 836 1558 utiturS.
855 1503 982 1559 Thomas
1006 1519 1112 1574 supra.

110 1581 180 1652 quia
201 1573 312 1636 scilicet
332 1583 464 1637 universi
484 1579 624 1652 perfectio
647 1583 777 1654 requirit,
799 1589 831 1636 ιιι
846 1583 883 1637 iu
901 1583 981 1638 omni
996 1596 1113 1655 genere,

109 1661 140 1714 in
163 1672 220 1732 quo
242 1667 284 1715 est
306 1661 430 1732 aliquid
447 1661 666 1732 imperfectum,
694 1661 733 1715 sit
761 1663 848 1716 etiam
878 1661 993 1732 aliquid
1021 1664 1115 1733 perie-

108 1747 201 1794 ctum:
232 1753 298 1810 ergo
326 1742 357 1794 in
382 1755 485 1814 genere
507 1757 601 1796 rerum
620 1755 692 1812 pure
714 1741 928 1810 spiritualium,
958 1757 1026 1796 cum
1049 1743 1113 1797 ani-

109 1834 173 1876 mae
194 1827 308 1874 nostrae
330 1820 389 1873 siut
410 1819 508 1892 aliquo
531 1819 616 1876 modo
637 1821 839 1890 imperfectae,
862 1829 962 1891 utpote
976 1821 1115 1878 substan·

109 1899 167 1952 tiae
188 1899 398 1968 incompletue,
422 1914 496 1970 quas
515 1899 685 1978 corporibus
701 1899 779 1954 uniri
792 1899 963 1955 naturaliter
977 1901 1113 1972 exigunt,

109 1979 259 2050 convenit,
289 1991 349 2034 esse
376 1979 452 2034 alias
471 1977 662 2034 substantias
660 1974 827 2049 completas
848 1996 919 2050 pure
941 1979 1113 2048 spirituales

107 2066 137 2114 ot
158 2074 175 2110 a
196 2049 365 2127 torporibus
387 2059 506 2120 omnino
523 2057 776 2127 independentesf
855 2075 859 2083 ¹

169 2135 196 2192 2.
240 2137 388 2208 Ohjicies,
417 2139 448 2190 in
477 2139 600 2208 septima
624 2135 744 2208 synodo
766 2137 895 2207 generali
916 2144 970 2192 aet.
988 2139 1016 2192 5.
1042 2142 1115 2194 reci·

108 2217 164 2272 uri
186 2223 214 2270 et
235 2216 392 2286 approbari
412 2215 521 2271 librum
537 2213 661 2272 ioannis
676 2215 816 2287 Episcopi
830 2215 1113 2285 Thessalonicensis,

108 2295 139 2350 in
155 2311 211 2367 quo
227 2293 343 2363 licitur,
359 2296 486 2368 Angelos
502 2311 563 2350 esse
578 2298 658 2350 tenni
673 2305 703 2350 et
716 2299 800 2350 aireo
815 2311 935 2364 corpore
946 2297 1112 2366 praeditos.

167 2375 385 2444 Respondetur,
407 2377 462 2431 hoc
484 2375 652 2432 Concilium¹
670 2381 874 2446 congregatum
897 2377 988 2430 inisse
1010 2387 1114 2432 eontra

108 2453 318 2522 iconoclastae,
347 2457 378 2508 in
407 2469 498 2525 eoque
527 2457 688 2526 quaesitum
716 2455 822 2521 inisse,
854 2451 912 2510 non
943 2455 979 2508 ie
1008 2463 1115 2511 natura

106 2535 301 2604 Angelorum,
325 2533 515 2604 incorporei
530 2541 639 2603 esseut,
655 2531 700 2588 vei
715 2547 788 2603 pure
804 2533 990 2604 spirituales3
1006 2533 1063 2588 seri
1078 2553 1114 2590 au

106 2615 246 2685 imagines
268 2613 440 2667 Sanctorum
462 2622 490 2666 ct
507 2611 576 2666 ’σΑιι
561 2575 687 2677 eloium
710 2619 785 2668 recte
809 2615 840 2668 in
863 2613 1002 2668 Ecclesia
1024 2617 1114 2685 pingi

106 2702 246 2763 possent.-
265 2691 350 2747 liudo
373 2689 415 2746 ibi
437 2691 629 2762 approbatum
650 2701 692 2747 est
707 2709 722 2746 a
739 2693 873 2750 Patribus
889 2693 1030 2761 Consilii,
1056 2709 1111 2749 nou

107 2773 186 2844 quod
206 2773 362 2844 scripserat
384 2771 435 2826 ilie
449 2771 577 2828 ioannes
600 2771 637 2826 de
656 2771 828 2842 nemoribus
843 2771 1036 2843 Angelorum,
1060 2772 1113 2829 sed

106 2851 186 2923 quoti
207 2866 243 2906 ex
263 2865 334 2944 qus·
349 2850 446 2905 r'erltis
468 2852 609 2906 intulerat
625 2851 767 2906 meursius
785 2849 970 2905 Patriaroha:
996 2853 1113 2908 scilicet

106 2932 234 3001 Angelos
256 2932 353 3002 specie
374 2932 520 3002 corporali
540 2932 625 3004 pingi
645 2937 747 3000 posse,
778 2943 856 2986 cunr
872 2932 903 2984 in
928 2931 982 2986 tali
1012 2935 1112 3007 speeie

106 3009 266 3080 aliquando
288 3009 500 3080 apparuissent.
849 3036 852 3044 ι
905 3039 908 3044 -

167 3087 270 3158 Porro,
299 3089 432 3160 quamvis
460 3088 506 3160 (ut
535 3089 620 3144 docet
649 3091 677 3144 S.
699 3087 826 3144 'ihomas
855 3097 965 3160 quaest.
993 3089 1040 3146 16.
1074 3089 1111 3144 tle

106 3165 201 3234 iitlo,
223 3169 275 3222 ιιι.
293 3167 429 3239 liliaco
448 3169 609 3236 sententia,
633 3183 706 3240 quae
728 3171 869 3234 al,itmat
892 3170 1024 3242 Angelos
1048 3185 1110 3225 esse

108 3246 284 3300 substantias
305 3263 377 3316 pure
400 3248 577 3318 spirituales,
598 3247 668 3304 talis
684 3255 740 3302 uon
757 3249 810 3314 sit,
833 3256 864 3301 ut
886 3245 1023 3318 opposita
1045 3265 1111 3304 ceu·

103 3325 161 3380 seri
176 3320 281 3378 debeat
293 3325 456 3392 haeretics3
478 3323 600 3397 (etenim
619 3329 812 3382 Laterauense
832 3327 998 3382 Concilium
1020 3343 1109 3400 supra

105 3403 235 3458 citatum
249 3404 327 3458 hano
355 3405 553 3474 quaestionem
581 3419 617 3460 ex
644 3405 779 3461 instituto
807 3421 865 3460 non
894 3407 1047 3473 definivit,
1076 3415 1108 3462 ut

104 3479 241 3536 observat
268 3481 297 3537 S.
314 3481 439 3550 Ductor,
466 3483 517 3537 sed
543 3483 599 3538 hoo
621 3499 711 3538 unum
731 3483 873 3560 intendit,
887 3495 934 3540 ut
955 3489 1109 3558 utriusque

103 3559 349 3616 usturse¹eanem
370 3560 481 3615 ratione
504 3562 682 3618 conditorem
701 3561 793 3619 Deum
814 3553 914 3619 contra
927 3563 1113 3637 origenistas
