2294 3892
27 217 31 242 ¹
124 196 187 264 104
529 213 566 256 ss
590 207 710 256 ostem

189 333 248 388 iloc
269 341 382 388 constet
401 349 438 388 ex
455 305 509 399 eo,
532 334 611 405 quod
633 334 727 405 grstia
746 329 817 400 illa,
839 347 914 404 qnse
936 343 1032 390 munst
1048 349 1117 390 eon·

129 429 242 470 sensnm
270 423 399 468 noenum
427 394 567 479 liberum,
597 421 640 467 est
666 414 758 483 grstia
783 412 927 484 adjuvans
947 429 999 468 scu
1019 431 1116 484 coope-

130 506 212 562 rsns3
232 492 272 548 ad
293 491 414 563 gretiam
433 493 512 546 euim
532 472 733 564 cooperantem
746 493 832 548 «nihil
853 493 1116 564 aliud-requiritur,

130 587 216 646 quum
237 579 269 626 ut
289 572 327 626 sit
348 571 455 642 gratia,
484 579 513 625 ct
532 581 564 626 ut
584 573 735 626 nobiscum
756 581 898 641 operetur.
941 575 1035 644 Atqui
1054 575 1118 627 talis

130 661 173 712 ast
194 651 352 722 almerado
374 653 467 722 gratis
486 667 624 720 operans,
653 653 723 721 quia
743 660 785 706 est
806 668 874 708 vers
896 654 1009 723 gratia,
1037 663 1065 708 ut
1085 670 1117 706 ex

130 739 197 791 cute
224 730 309 788 dicu't
336 737 463 798 cantat,
492 740 520 784 et
545 731 662 801 qnando
690 731 825 788 volontas
852 732 901 786 illi
925 734 1068 789 consentit
1087 748 1117 784 ac

128 812 238 869 bouum
258 819 415 880 operatur,
430 820 473 866 est
493 826 583 872 onusta
597 811 716 867 moralis
729 811 823 879 ipsius
837 827 999 869 consensus
1015 821 1042 866 et
1054 812 1118 866 boni

130 892 243 962 operis,
265 889 345 960 quod
366 890 414 956 tit;
435 889 528 951 omnis
550 891 628 944 eninr
649 889 804 958 impulsio,
826 891 1009 957 exhortatio,
1032 892 1116 946 suasio

129 969 240 1040 (quus
268 977 312 1024 est
338 969 431 1039 grstia
451 983 588 1038 operans,
616 977 649 1022 ut
675 983 764 1038 supra
791 967 954 1040 diximus),
986 973 1018 1026 vi
1044 970 1117 1041 cujus

130 1049 265 1106 uoluntas
292 1049 335 1104 sic
361 1047 489 1104 allicitur
516 1047 554 1102 nd
581 1047 695 1117 aliquid
723 1047 793 1104 boni
819 1048 893 1104 bene
915 1049 1077 1109 volendum
1095 1055 1118 1102 et

130 1126 311 1194 fatendum,
341 1136 372 1182 ut
399 1142 431 1180 re
456 1128 520 1196 ipsa
548 1128 619 1182 velit
640 1135 667 1180 et
692 1128 795 1194 iaciat,
821 1137 864 1185 est
890 1143 981 1185 causa
1009 1129 1121 1184 moralis

131 1207 258 1266 eliciens
279 1207 372 1276 ipsius
394 1207 543 1265 volitionis
565 1215 592 1259 et
614 1207 724 1275 operis,
745 1207 824 1277 tluod
847 1207 886 1262 tit.
907 1209 1002 1264 ¹ilino
1024 1209 1053 1263 s.
1068 1210 1122 1262 Au-

131 1289 262 1360 pristinus
291 1285 379 1340 veniis
401 1287 431 1339 in
453 1286 525 1340 locis
546 1285 687 1340 adscribit
707 1301 879 1343 consensum
898 1295 1035 1354 nostrum
1055 1288 1121 1340 libe·

131 1381 193 1427 rum
222 1364 406 1439 iubenum,
435 1366 543 1434 grstise
569 1366 703 1434 operanti
730 1377 867 1436 unquam
896 1381 1021 1432 causae,
1055 1380 1123 1437 quse

130 1445 215 1502 illuni
237 1445 341 1510 eflicit,
364 1453 394 1497 ut
415 1445 492 1500 libro
510 1445 535 1500 i.
556 1443 593 1498 de
614 1443 757 1500 Praedest.
778 1445 969 1514 Sanctorum,
999 1461 1064 1516 esp.
1083 1444 1121 1498 iil.

132 1525 222 1588 Dans,
252 1525 519 1596 inquit‚1cperstur
545 1525 725 1588 irrcordt'bus
752 1525 884 1578 domicum
913 1528 1055 1580 vocatione
1081 1525 1122 1578 illo

130 1605 458 1672 consumpseram
478 1621 567 1668 sunm,
596 1613 626 1656 ut
653 1621 706 1659 noo
726 1606 844 1660 inaniter
864 1607 998 1669 audiant,
1028 1607 1076 1660 sed
1096 1621 1123 1658 eo

133 1685 225 1738 audito
246 1691 442 1736 convertantur.

190 1762 242 1815 Est
270 1769 362 1814 antem
387 1761 435 1816 hic
456 1759 680 1828 advertendum,
710 1764 823 1817 etiamsi
851 1779 939 1832 supra
970 1764 1046 1818 dicti
1072 1764 1120 1816 llo·

130 1849 221 1896 ctores
249 1839 363 1908 dicent,
393 1841 512 1911 gretiam
541 1843 713 1896 excitantem
735 1851 762 1896 et
784 1851 949 1910 operantem
972 1859 1036 1898 esse
1059 1859 1118 1913 quo

128 1933 185 1992 que
213 1933 297 1990 posse
326 1918 511 1991 adjuvantem
536 1927 565 1977 et
586 1917 804 1990 cooperantem
832 1922 900 1976 illos
930 1931 1028 1977 temen
1057 1923 1120 1976 hseo

132 1997 189 2056 dno
216 2013 273 2055 non
301 1997 492 2066 contundere,
522 2001 604 2072 qussi
632 2001 669 2054 sit
695 1999 787 2068 idern,
817 2013 878 2054 esse
906 2003 1030 2074 gratiam
1057 2015 1121 2070 ope·

130 2089 239 2134 rautcm
268 2086 297 2132 et
324 2075 522 2148 cooperantem
531 2075 547 2148 ζ
569 2080 743 2134 excitantem
771 2076 1022 2152 etsadjuvantem.
1064 2081 1123 2134 lioc

131 2161 207 2216 enirn
239 2167 348 2214 tentum
379 2158 552 2231 intendunt,
591 2155 711 2213 eandem
743 2160 889 2216 entitatem
920 2162 1033 2232 gratiae
1065 2160 1135 2213 dici·

129 2253 214 2310 posse
235 2245 400 2310 operantem
422 2245 450 2294 et
470 2247 670 2310 cooperantem
692 2241 773 2294 vorin
787 2238 1035 2296 consideratione:
1059 2255 1122 2308 ope

132 2325 240 2374 tantem
263 2316 397 2390 quidem,
425 2324 565 2388 quatenns
592 2317 674 2372 illam
695 2319 727 2374 in
748 2319 833 2380 nobis
854 2320 932 2374 Deus
953 2319 1019 2374 sine
1041 2319 1122 2374 nobis

129 2397 280 2470 producit,
312 2403 341 2452 at
371 2403 403 2451 ut
430 2399 473 2452 sic
501 2400 560 2452 vim
587 2397 674 2455 hebet
700 2399 733 2452 in
760 2404 826 2453 actu
854 2399 948 2468 primo
978 2398 1125 2454 efficiendi

130 2491 216 2534 conse
237 2493 300 2532 sum
321 2475 447 2534 liberum
468 2485 581 2534 nostrae
601 2477 776 2544 voluntatis,
803 2478 868 2532 sive
892 2478 979 2534 illum
1006 2479 1043 2531 in
1059 2486 1123 2533 actu

130 2493 257 2612 secundo
278 2555 399 2622 efficiat,
422 2557 484 2612 sive
506 2573 562 2612 non
584 2557 708 2624 eliciam
728 2565 932 2626 cooperantem
946 2573 1033 2625 vero,
1057 2573 1125 2628 qna·

132 2645 214 2692 tenus
243 2649 271 2688 re
298 2635 363 2705 ipsa
391 2636 540 2691 moraliter
566 2637 597 2690 in
627 2652 689 2693 eum
718 2637 881 2703 influendo,
897 2637 1011 2706 ,ipsuni
1038 2637 1125 2692 simul

131 2731 195 2774 eum
217 2721 313 2769 nostra
334 2715 481 2768 voluntate
502 2715 533 2767 in
554 2723 619 2769 actu
640 2715 765 2784 secundo
787 2725 885 2770 causet
906 2724 934 2769 et
955 2717 1057 2772 efficit.

191 2793 320 2850 Dicimus
335 2791 361 2848 2.
386 2793 544 2866 quemlibet
565 2795 810 2866 supernaturalem
832 2793 968 2850 habitum
985 2795 1122 2850 virtutum

132 2875 290 2935 infusarum
304 2889 388 2944 posse
404 2888 516 2944 quoqne
529 2873 636 2928 habere
650 2875 788 2928 rstioncm
804 2876 911 2944 gratiae
929 2877 1122 2946 cooperantis.

191 2953 241 3007 Est
262 2955 339 3018 enirn
360 2953 467 3008 donum
490 2951 609 3024 allquod
630 2955 846 3024 supernaturale
868 2963 989 3008 naturae
1011 2963 1121 3010 nostrae

132 3029 249 3086 minime
272 3034 418 3100 debitum,
447 3033 582 3102 quodque
604 3034 726 3102 primam
752 3034 890 3104 originem
914 3049 951 3088 cx
972 3049 1050 3104 pure
1071 3034 1120 3086 Dei

132 3112 329 3166 misericordia
350 3111 444 3178 ducit3
467 3128 499 3166 ac
520 3111 640 3182 physice
661 3110 807 3166 concurrit
828 3113 912 3166 simul
936 3129 1003 3168 curn
1022 3115 1118 3167 volun·

131 3195 187 3242 tate
209 3189 246 3242 ed
267 3193 447 3258 operationes
469 3191 715 3260 supernaturales,
739 3207 809 3262 quus
831 3199 860 3244 ut
881 3191 1065 3258 diceremus,
1085 3191 1116 3244 sb

131 3269 195 3336 ipsa
217 3270 308 3338 gratio
329 3278 465 3336 operante
486 3271 604 3324 excitati
622 3283 741 3324 sumus

191 3345 319 3398 Dicimus
335 3345 361 3398 3.
384 3347 525 3402 inflexum
547 3347 810 3418 superauctum,
833 3364 891 3420 quo
906 3349 987 3406 Deus
1001 3351 1118 3422 plrysice

132 3421 280 3475 nobiscum
303 3427 449 3476 concurrit
468 3427 505 3480 sd
527 3437 695 3482 eonsensum
710 3435 837 3484 neruum
852 3429 980 3484 liberum
993 3442 1024 3486 et
1036 3445 1118 3501 opero

132 3499 241 3627 bons}
260 3513 357 3554 seram
387 3509 415 3553 et
440 3507 588 3582 propriam
616 3509 756 3562 radonem
782 3508 889 3562 ⁴habere
919 3511 1030 3582 grstise
1058 3525 1122 3564 coo·

130 3589 219 3644 percu
233 3589 266 3628 rr.
606 3610 609 3620 ι
676 3604 681 3614 =
755 3602 760 3622 ι
