2304 3888
363 181 400 228 aa
424 181 652 230 saomasrtosta.
940 162 1002 230 269

29 303 133 358 humani
153 305 241 358 tuisse
263 301 394 358 absalme
416 309 444 356 ιι
462 303 637 374 simpliciter
655 303 847 358 necessariam
869 301 907 358 ad
926 302 1008 358 illins

29 383 223 452 reparationem
243 382 349 438 Filium
372 382 426 442 Dei
447 381 603 438 incarnari.

76 463 192 516 Constat
219 478 256 516 ex
283 477 334 529 ao,
364 461 442 532 quod
464 462 612 532 Scriptura
640 461 728 516 variis
749 460 875 515 in-loois
895 463 1007 532 generis

28 541 133 596 hnmani
154 543 367 611 reparationem
388 556 421 596 eo
443 539 538 610 modo,
561 555 618 610 quo
639 541 715 596 facta
737 547 788 607 est,
811 539 1008 594 tribuitcari·

28 621 68 674 tati
86 635 119 676 aa
140 620 365 691 misericordiae¹
377 620 503 675 divinae.
542 619 591 674 Aa
606 619 663 674 ‘tit
679 619 706 674 3.
729 619 879 673 Samaeos
899 622 1008 674 mireri-

28 702 132 754 cordiam
152 701 244 756 selom
263 718 311 754 nor
325 700 404 771 facit.
446 699 475 754 S.
498 699 627 755 Jeme.
653 699 701 752 Sic
719 699 796 754 Deos
816 697 911 752 dileco
928 716 1008 752 mom-

28 780 88 844 ιιι,
117 790 148 834 ot
166 780 266 836 Filiam
285 797 363 834 ιιιιιιι
382 780 549 850 oniyeas'tssm
570 780 656 834 daret.
705 778 882 832 Beneficium
911 789 1007 834 autem

27 873 54 912 er
70 861 188 914 caritate
209 867 237 914 et
257 857 458 914 misericordia
475 859 614 914 collatum
629 860 768 928 supponit
781 858 812 912 in
826 857 1008 913 benefactore

27 939 182 995 conterendi
203 938 377 994 libertatem.
498 979 500 986 .
829 965 831 970 v

73 1017 224 1074 Praeterea
238 1017 286 1073 SS.
302 1017 400 1072 Patres
414 1017 535 1083 docent,
557 1017 685 1085 potuisse
707 1015 799 1070 Deum
820 1016 919 1072 multis
931 1015 1007 1070 »aliis

29 1096 104 1151 nodis
126 1099 286 1152 humanum
307 1113 395 1169 genus
417 1096 550 1152 liberare·
599 1097 710 1154 Poterat
738 1095 847 1166 (inquit
867 1095 896 1150 S.
917 1095 1008 1150 Atha·

28 1177 108 1232 nasius
136 1193 222 1232 sarm.
238 1176 266 1231 3.
295 1185 396 1231 contra
423 1174 565 1247 Arianos)
593 1178 652 1228 sine
680 1175 734 1228 ullo
761 1176 878 1230 advento
907 1173 1009 1228 Christi

26 1257 173 1310 solummodo
195 1257 267 1327 loqui
287 1255 365 1310 Dama
384 1267 409 1310 st
428 1257 530 1310 solorre
550 1255 772 1308 maledictionem.
807 1253 844 1306 Et
865 1255 893 1308 S.
909 1253 1009 1325 Augus·

27 1336 179 1390 serraliis
199 1334 243 1390 13.
267 1334 303 1390 de
325 1334 429 1390 'l'rinit
452 1349 514 1404 cap.
534 1333 578 1388 10.
601 1333 689 1388 dicit:
717 1331 781 1387 Nom
801 1333 884 1388 olium
903 1333 1009 1388 nsodnsa

22 1417 164 1482 possibilem
178 1415 238 1468 Deo
259 1415 394 1488 desistore,
416 1414 492 1484 csq‘oa
507 1415 639 1486 potestati
658 1422 753 1466 concta
774 1414 925 1484 aequaliter
944 1413 1009 1468 soe-

21 1494 113 1560 josesst,
142 1497 194 1548 aad
220 1496 360 1549 sonandas
389 1504 498 1548 nosnos
521 1495 646 1548 manerios
667 1493 916 1546 convenientiorem
926 1494 1011 1549 oliam

26 1576 117 1631 modam
137 1591 193 1628 mon
207 1575 309 1644 fuisse.

74 1654 210 1720 Quaestio
230 1654 321 1724 igitur
341 1653 562 1722 praesuppositis
582 1602 777 1722 inteliigenda
795 1666 832 1704 ex
845 1649 1009 1720 hypothesi,

27 1733 91 1824 quoti
111 1734 190 1788 Deus
212 1748 270 1787 non
296 1733 381 1788 aliter
409 1747 498 1802 genus
528 1732 685 1787 humanum
714 1745 846 1800 reparare
876 1729 1010 1796 voluerit,

28 1812 72 1865 nisi
91 1829 142 1882 per
167 1811 342 1884 condignam
362 1825 415 1881 pro
436 1819 554 1881 peccato
576 1810 737 1866 exhibitam
761 1810 819 1864 sibi
841 1809 1013 1866 satisfactio·

26 1905 93 1946 nem:
115 1907 154 1946 au
176 1891 300 1958 scilicet,
321 1907 355 1945 ιι
374 1891 574 1960 suppositione
595 1892 678 1955 lecta,
702 1890 895 1944 necessarium
916 1890 1011 1958 inerit

26 1983 167 2036 porsonam
199 1969 330 2026 divinam
361 1970 523 2037 incarnari,
556 1977 589 2024 ut
616 1967 789 2040 condignam
817 1968 900 2025 illam
929 1970 1011 2026 saties

26 2049 169 2106 factionem
189 2066 243 2120 pro
264 2049 390 2122 peccatis
412 2051 516 2105 nostris
530 2049 713 2115 exsolverem
744 2063 781 2101 an
810 2061 879 2102 vero
904 2047 1011 2118 aliquis

25 2132 235 2196 perustione,
268 2131 319 2200 qui
348 2145 403 2184 non
428 2137 506 2183 'esset
533 2128 593 2182 Deo
621 2127 803 2198 hypostatice
833 2126 949 2192 unitus,
979 2125 1012 2180 td

25 2209 125 2266 eiicere
147 2209 284 2281 potuerit.
327 2208 383 2264 Pro
404 2207 489 2280 cnjus
509 2209 684 2263 resolutione

74 2289 100 2343 2.
146 2287 312 2343 Dicendum
333 2295 385 2354 est,
408 2287 446 2344 ad
467 2288 678 2360 reparationem
700 2285 812 2357 generis
828 2284 949 2338 humani
961 2297 1014 2354 per

25 2368 191 2440 condignam
212 2377 240 2422 et
261 2367 492 2438 aequivalentem
518 2380 570 2436 pro
597 2365 726 2434 peccatis
753 2364 904 2419 hominum
932 2362 1014 2418 satis·

26 2445 172 2503 racionem
193 2447 326 2504 absolute
347 2461 381 2501 ao
400 2445 574 2516 simpliciter
596 2444 787 2500 necessarium
814 2442 921 2508 inisse,
949 2457 1015 2512 per·

26 2539 117 2582 sonam
139 2525 273 2581 divinam
296 2527 454 2582 incarnari

74 2606 174 2679 Hujus
192 2605 358 2661 assertionis
380 2606 486 2660 veritas
505 2615 542 2660 ex
570 2603 684 2660 duobus
710 2601 866 2674 principiis
894 2567 1010 2671 pendet,

26 2699 90 2754 quae
109 2687 163 2741 hic
183 2699 201 2740 a
220 2684 307 2741 nobis
328 2683 481 2755 probantia
499 2692 576 2738 sunt

78 2766 208 2821 Primum
237 2772 296 2833 ιιι,
325 2763 439 2820 nullum
465 2776 571 2833 pnsum
599 2763 762 2830 hominem,
793 2759 1014 2831 quibuscunque

26 2847 125 2912 gratiae
150 2841 234 2900 donis
256 2851 403 2905 ornatum,
435 2844 562 2914 potuisse
585 2842 757 2914 condignam
779 2847 807 2896 et
828 2839 1014 2909 aequivalen-

27 2931 74 2978 tem
99 2924 327 2980 satisfactionem
348 2923 408 2978 Deo
429 2938 481 2992 pro
502 2922 630 2992 peccatis
651 2923 775 2976 aliorum
795 2919 944 2977 hominum
966 2931 1015 2974 ex-

28 3003 132 3058 hibere.

80 3081 319 3148 Secundumost,
342 3077 488 3138 Christum
509 3079 676 3146 Dominum,
699 3079 790 3133 Deum
812 3085 840 3133 ιι
859 3077 1014 3144 hominem,

26 3160 53 3214 isl
70 3163 211 3232 perlicere
229 3162 375 3232 ¹potuisse,
396 3167 425 3216 et
443 3175 475 3216 re
495 3160 563 3230 ipsa
581 3159 746 3229 perfecisse.

81 3241 166 3308 Quod
186 3256 276 3311 purus
296 3242 382 3296 homo
402 3240 434 3294 id
453 3255 512 3294 non
536 3239 681 3309 potuerit,
711 3236 851 3306 probatur
867 3235 893 3292 i.
916 3251 952 3292 ex
972 3235 1018 3290 his

28 3320 120 3374 verbis
142 3321 187 3376 Pa.
203 3315 251 3375 ts.
287 3322 385 3375 Frater
404 3336 458 3373 non
477 3320 600 3381 redimit,
622 3319 735 3372 redimet
755 3317 846 3380 homo,
869 3333 924 3369 non¹
942 3315 1018 3370 doto

29 3399 82 3452 Deo
98 3400 281 3470 placationem
300 3417 377 3454 mam
397 3409 423 3454 et
442 3400 563 3470 pretiosa
585 3397 776 3468 redemptionis
803 3397 910 3450 animos
937 3411 1019 3468 ιιιιιιι

29 3493 98 3547 qnae
120 3480 207 3534 verba
228 3478 429 3548 explicares.
454 3478 581 3532 Basilius
610 3477 641 3530 in
669 3477 746 3532 hunc
773 3476 871 3532 locum
896 3473 1017 3530 sicali:

29 3555 67 3612 Ne
87 3560 170 3628 ι’φιιιιι
175 3561 297 3631 fratrem
315 3575 416 3630 pesam
429 3557 687 3627 inredemptioassa,
708 3555 758 3610 aad
770 3570 843 3618 oon„
853 3554 900 3623 qni
911 3552 1018 3606 aceedit
