2332 3880
213 811 581 936 uenum
623 813 1098 937 manuales

157 1118 287 1184 seems
304 1116 538 1185 SCRIPTURIS,
558 1114 823 1174 CONClLIORUM
840 1107 1153 1186 PONTIFIOUMQUE

255 1187 436 1242 Ducentis
471 1185 519 1240 ΕΤ
556 1185 789 1241 SANCTORUM
819 1187 976 1244 PATRUM
1007 1189 1056 1244 AC

162 1267 163 1274 ’
334 1255 555 1351 POCTORUM
574 1254 745 1310 Puacluls
761 1255 965 1352 EXPRESSe.

600 1443 707 1454 ...-...-..-..

486 1577 767 1712 carcanus
793 1614 820 1708 1.

425 1801 466 1900 u
508 1825 536 1899 e
593 1801 668 1900 'F
707 1801 729 1898 i
771 1801 806 1900 d
848 1828 888 1900 e.

216 2032 288 2086 Cum
309 2027 396 2085 Fides
420 2028 464 2098 (ut
485 2029 527 2086 ait
548 2029 575 2082 S.
591 2027 719 2084 Basilius
740 2031 772 2084 in
788 2029 834 2084 Pa.
846 2025 928 2101 tls.)
948 2031 985 2084 sit
1005 2047 1152 2096 sacrorum,

154 2126 223 2182 qaae
245 2112 278 2163 de
299 2110 359 2164 Deo
379 2118 454 2174 scat,
478 2107 642 2179 eloquiorum
663 2110 730 2172 dac,
753 2109 801 2163 vel
821 2105 869 2178 (ut
889 2109 916 2162 S.
933 2109 1098 2164 Bernerdus
1114 2111 1154 2164 lc·

155 2190 255 2260 quitur
276 2204 360 2244 serm.
377 2189 423 2244 75.
445 2187 477 2242 in
500 2187 598 2259 Garat.)
627 2203 661 2242 ea
690 2189 743 2255 sit,
780 2202 854 2258 quae
875 2191 984 2258 cttinpa't
1005 2191 1152 2254 inaccessa,

155 2269 330 2338 deprehendit
358 2269 465 2336 ipaotc,
496 2267 694 2337 comprehendit
721 2269 864 2332 immensa,
895 2269 1076 2338 apprehendit
1104 2288 1154 2322 no·

151 2350 276 2414 enaiesa,
307 2350 394 2418 aptam
422 2349 535 2418 denique
564 2349 750 2402 aeternitatem
776 2364 825 2402 aaa
851 2348 898 2400 illa
919 2349 1071 2402 caatim‘mc
1092 2352 1153 2402 sina

152 2429 345 2499 quodammado
374 2427 573 2492 circumcludit5
601 2425 703 2493 nobis,
733 2425 839 2496 quibus
867 2427 898 2480 in
920 2427 976 2482 hoc
997 2428 1154 2483 veritatum

153 2508 382 2580 theologicarum
410 2503 583 2575 compendio
613 2503 649 2560 de
677 2505 738 2560 Dea
766 2504 886 2576 ejusque
911 2507 1153 2575 perfectionibus,

150 2601 204 2642 nec
233 2603 292 2642 nan
320 2585 356 2642 de
384 2585 507 2640 decretis
536 2592 564 2639 et
592 2583 811 2654 operationibus
841 2584 968 2652 divinis,
1000 2585 1035 2640 de
1068 2585 1153 2641 donia

153 2665 439 2736 supernaturalibus,
469 2663 506 2718 de
528 2663 720 2718 Sacramentis
743 2661 885 2718 divinitus
908 2666 1049 2720 institutis
1073 2667 1155 2720 eliis·

152 2760 208 2818 que
237 2744 384 2802 similibus
412 2743 497 2798 rebus
527 2743 633 2797 rationi
653 2743 797 2797 humanae
817 2743 974 2799 inaccessis
996 2749 1024 2800 et
1044 2745 1153 2816 ignatis

151 2825 296 2896 agendam
323 2821 485 2889 incumbit,
507 2821 561 2876 hac
590 2821 707 2877 caelesti
734 2823 798 2876 face
826 2823 971 2893 imprimis
997 2839 1070 2894 opus
1092 2840 1154 2879 esse

152 2904 398 2968 existimavimus,
422 2917 495 2974 qaae
517 2901 647 2970 depulsis
667 2917 794 2956 errorum
811 2901 1009 2972 quorumlibet
1024 2903 1153 2958 tenebris

150 2983 280 3039 veritatis
303 2989 411 3037 certam
433 2997 465 3035 ac
487 2996 619 3036 securum
641 2982 783 3036 tramitem
805 2981 947 3038 ostendat.

211 3063 252 3119 Ut
271 3063 376 3133 igitur,
399 3061 473 3115 sicat
494 3061 676 3130 propositum
690 3061 774 3115 nobis
790 3067 850 3129 est,
872 3061 1091 3130 compendiaria
1104 3065 1154 3118 via

150 3142 358 3213 procedamus,
381 3156 418 3194 ex
437 3140 553 3211 maltis,
576 3156 649 3210 qnae
664 3155 681 3194 a
696 3139 853 3211 Theologis
868 3140 1013 3210 disputari
1028 3139 1064 3195 de
1080 3141 1153 3198 Fide

152 3223 263 3288 solent,
292 3235 390 3290 pauca
414 3227 524 3275 tantum
552 3235 753 3290 excerpentes,
782 3235 855 3290 quae
876 3221 967 3292 magis
989 3225 1153 3276 necessaria

150 3302 215 3355 vise
236 3309 319 3367 sunt,
341 3307 368 3354 et
390 3298 428 3352 ad
445 3299 502 3354 tria
516 3300 612 3368 capita
627 3299 837 3354 revocabimus.
870 3300 904 3354 In
917 3293 1040 3370 quarum
1054 3301 1152 3370 primo

150 3381 333 3447 videbimus,
363 3394 436 3450 quae
464 3380 503 3433 sit
523 3379 678 3434 necessitas
699 3377 800 3446 Fidei3
832 3377 1030 3446 insecundo,
1060 3380 1153 3450 quod-

150 3477 217 3516 nam
238 3463 276 3516 sit
297 3459 360 3531 ejus
382 3458 526 3529 abjectum
548 3459 714 3524 materiale;
736 3459 768 3511 in
791 3459 874 3514 tertia
895 3458 1038 3528 denique,
1061 3460 1153 3530 quod-

149 3555 217 3596 nam
245 3543 283 3596 sit
311 3539 439 3612 ejusdem
469 3537 614 3610 objectum
643 3539 780 3606 formale,
814 3554 881 3608 seu,
911 3537 992 3612 quod
1018 3539 1050 3592 in
1072 3538 1152 3594 idem
