2330 3888
412 210 450 256 nn
474 205 594 256 eserie.
939 191 1002 260 siti

39 331 161 400 dispositus
181 333 234 401 sit,
261 343 298 390 nt·
314 334 449 404 quumvis
468 347 598 402 poenenr
614 333 724 386 evitem
743 339 856 401 posset»,
876 345 937 386 non
959 341 1001 386 ts·

38 427 80 463 nen
96 421 238 482 propterea
260 413 349 468 velim
369 422 418 466 eut
444 411 552 466 melum
581 413 773 478 committere,
803 416 857 466 int
879 411 999 480 bonunq

38 490 91 558 quod
108 492 160 546 sibi
180 493 345 547 iaciendum
367 499 419 560 est,
440 491 588 546 omitteres
612 498 640 545 ct
661 492 710 545 hic
732 491 817 546 timor
837 487 999 559 bonusest,

37 578 96 638 eique
112 571 205 639 utilis,
234 587 268 628 ec
293 572 330 626 de
347 571 404 626 illo
426 569 620 642 intelligendu
640 577 707 624 sunt
728 585 778 636 ee,
807 583 882 640 quse
912 585 1001 642 supra

38 647 141 706 diximus.
560 666 562 672 ’

74 745 146 812 Quod
166 747 275 818 sltectet
294 745 332 800 nel
353 761 444 816 spem,
468 755 576 800 eertum
599 761 713 816 quoque
729 745 771 800 esd
784 760 821 800 ex
836 741 999 816 Scriptum

36 821 91 878 illem
109 828 212 898 requiri
234 825 272 882 ed
289 823 538 900 justificationem.
575 825 621 878 Ps.
638 824 685 880 st.
719 823 879 895 Sperantem
893 827 922 878 io
935 825 997 879 Do·

35 904 81 955 nico
97 907 275 960 misericordia
297 905 479 959 circumdabit.
516 903 601 958 Ptov.
617 901 664 960 28.
701 904 865 976 occeperat
886 906 913 957 io
934 905 996 958 Do-

35 983 94 1045 rico,
113 987 259 1042 sonabitur.
305 994 307 1002 ’
596 985 598 990 ’

73 1080 107 1134 De
126 1081 280 1138 dilectione
305 1081 360 1136 Dei
380 1081 516 1136 similiter
534 1077 651 1134 'constet
671 1094 707 1134 ex
734 1079 779 1137 his
802 1055 911 1147 Christi
940 1079 998 1135 Do·

34 1158 83 1212 uini
100 1162 189 1216 verbis
212 1163 238 1216 S.
256 1163 325 1216 Luc.
342 1161 368 1216 t.
419 1161 600 1214 Remittentur
621 1160 647 1217 ei
661 1168 780 1232 peccota
800 1161 899 1234 multe,
929 1178 999 1231 qoo-

35 1237 83 1290 sioor
102 1241 189 1296 dilexit
209 1243 326 1296 modim.

72 1336 106 1390 De
131 1338 195 1396 odio
224 1337 312 1392 etiem
339 1344 367 1391 et
388 1336 578 1400 detestatione
599 1336 712 1404 peccem
739 1342 818 1405 petet
846 1351 883 1390 ox
909 1336 1000 1390 innu-,

33 1415 91 1468 ueris
108 1433 193 1486 prope
210 1417 377 1486 Scripturas
392 1415 476 1481 locis,
498 1415 573 1470 hene
587 1415 756 1482 praesertim
772 1414 998 1484 dispositionem

33 1491 55 1543 td
74 1499 221 1562 peccatoris
244 1496 487 1566 justificationem
508 1495 634 1564 requiri3
662 1495 739 1551 sicut
767 1502 796 1548 et
815 1496 997 1564 propositum

32 1583 96 1628 dorae
115 1576 198 1643 risse,
220 1575 434 1632 observationis
455 1573 667 1640 mendatorum,
689 1588 724 1630 so
744 1573 998 1644 suscipiendilse-

32 1656 139 1708 cernenti
157 1657 217 1710 sivo
240 1655 390 1724 Baptismi
414 1655 476 1710 sivo
496 1653 705 1720 Poenitentise‚
727 1660 759 1708 ut
778 1651 896 1722 plenius
919 1653 1000 1730 diceg

32 1735 59 1782 tur
75 1733 98 1785 in
119 1742 237 1790 trectetu
260 1733 295 1788 de
319 1733 522 1789 Sacramentis.

69 1828 152 1896 Dices,
174 1847 210 1885 ex
230 1829 364 1886 Concilio
385 1829 560 1884 Tridentino
582 1842 671 1897 supro
684 1829 777 1884 solem
792 1829 998 1884 contritionem

31 1908 152 1970 periectenr
173 1911 305 1966 sufficere
325 1909 363 1964 ed
384 1907 548 1979 peccatoris
565 1907 823 1978 justificationem:
853 1907 934 1964 undo
953 1923 1000 1963 se-i

32 1986 115 2056 qnitur,
136 1989 253 2044 illerum
275 1991 415 2044 virtutem
437 1993 518 2042 ectus
540 1987 577 2040 etl
599 1999 662 2042 sem
682 1987 803 2041 minime
824 1988 943 2057 requiri.

67 2079 258 2154 Respondetur
278 2084 477 2140 ‘concedendo
506 2081 767 2148 antecessisset·
788 2081 995 2153 distinguendo

31 2170 191 2233 consequens:
213 2165 272 2219 nori
294 2166 422 2236 requiri,
445 2170 477 2218 ut
497 2163 778 2218 illerum·virtntum
800 2169 879 2215 ectus
901 2161 998 2234 expli·

30 2237 64 2292 dts
80 2257 186 2314 semper
206 2245 378 2310 eliciantur,
401 2243 588 2310 conceditur3
609 2245 680 2295 'non'
698 2241 816 2312 requiri,
839 2247 871 2294 ut
894 2242 996 2296 saltem

31 2316 162 2377 virtualiter
182 2329 210 2379 et
229 2323 390 2394 implicite,
421 2329 550 2394 negatur.
600 2319 634 2374 In
662 2325 730 2374 ectri
754 2319 832 2374 enim
851 2321 998 2389 perlectae

30 2401 180 2458 contritionis
208 2405 339 2458 omnium
366 2403 486 2458 illerum
515 2402 657 2454 virtutum·
682 2405 762 2454 ectus
782 2400 949 2474 virtunliter
962 2407 997 2454 et

29 2472 141 2546 inplicito
160 2484 362 2550 continentnr3
391 2497 459 2539 nam
481 2481 533 2552 qui
554 2495 621 2535 vere
642 2479 723 2534 dolet
743 2493 773 2533 sc
795 2479 888 2534 Deum
908 2478 999 2532 offen-¹

30 2549 89 2626 disse,
109 2577 141 2618 co
163 2561 241 2636 qnod
262 2563 348 2618 iilum
368 2563 495 2632 periente
517 2567 545 2614 ct
560 2573 676 2614 summe
698 2557 820 2630 diliget,
842 2559 868 2612 is
889 2565 917 2612 et
937 2558 998 2612 vir·

31 2637 115 2694 nuditer
135 2644 165 2696 in
187 2643 278 2697 Deum
300 2641 410 2710 credit,'
424 2641 557 2698 estimet
575 2639 673 2706 illurn,
695 2639 721 2692 si
741 2651 800 2693 non
822 2638 923 2692 timore
938 2651 996 2692 ser·

30 2713 76 2783 rili,
101 2730 173 2778 certe
193 2721 379 2776 reverenticii
400 2727 430 2775 et
447 2720 553 2784 tilioli,
581 2726 609 2772 et
630 2725 730 2788 speret
746 2719 778 2771 in
799 2731 882 2783 enm,
911 2729 997 2787 quoru

29 2803 108 2852 ¹umine
126 2799 234 2857 bonum
259 2801 406 2874 agnoscit,
437 2807 465 2854 et
485 2801 517 2852 in
538 2805 685 2868 posterum
706 2797 770 2850 vult
791 2797 838 2851 illi
859 2795 991 2866 obsequi,

29 2877 45 2923 tt
59 2881 143 2934 omnic
163 2885 317 2950 praestare,
340 2895 414 2950 qnae
435 2879 494 2948 ipsi
514 2877 625 2948 placite
646 2891 707 2931 esse
729 2876 886 2952 cognoscit.

330 3095 561 3165 sucuro
605 3063 675 3162 vr

65 3221 111 3282 An
135 3201 245 3298 mea
268 3225 449 3287 hebitwis
479 3241 540 3284 seu
570 3225 694 3282 ceritas
722 3225 853 3296 sugeri,
881 3223 937 3282 vol

263 3297 380 3376 minui,
403 3296 459 3353 vei
484 3295 593 3352 cmliii
617 3293 735 3366 possit.
772 3367 775 3374 Δ

68 3422 89 3476 d.
123 3426 204 3494 Quod
226 3434 338 3499 spectet
357 3425 394 3481 ed
414 3429 539 3498 primurn
553 3425 735 3496 quaestionis
749 3425 917 3496 propositus
930 3437 996 3494 per-

28 3504 71 3584 lem.
89 3503 240 3562 dicendum
264 3517 314 3578 cst,
339 3507 460 3579 gretiam
481 3505 661 3560 habitualem
684 3521 734 3559 seu
749 3504 897 3558 senecen
910 3515 998 3573 posse

28 3589 46 3627 tn
62 3581 107 3638 hee
127 3587 187 3642 vite
208 3589 317 3658 angeri.
359 3586 403 3640 lis
424 3587 451 3641 S.
470 3585 596 3640 Thomas
612 3583 640 3638 2.
655 3583 683 3638 2.
706 3599 734 3654 q.
748 3579 796 3638 24.
819 3589 870 3638 ert.
890 3583 918 3636 4.

55 3675 130 3734 lieliy,
145 3683 241 3724 :nodulis
257 3682 393 3737 theologien-
423 3681 440 3722 1·
796 3659 837 3725 29
