2314 3888
283 221 536 267 consurrecturos
555 221 595 266 nn
614 223 783 267 urrsrccsn.
964 205 1030 274 iffi

12 342 146 410 Aprilis
158 343 228 396 anui
241 341 329 398 idida
342 343 412 400 libri
427 342 592 413 qnoquede
607 357 641 398 ca
655 355 686 396 re
700 343 771 398 editi
786 345 968 400 damnantca
989 341 1026 402 id

13 435 102 476 vero
114 423 142 482 si
155 437 208 476 ros
221 437 279 476 una
291 431 321 476 et
334 429 497 477 constanter
511 423 712 492 credamini,
731 425 800 492 piae
814 425 1025 486 sollicitudinis
1053 470 1058 478 .

13 502 373 571 zelumque-‚sanctae
395 502 463 558 boio
484 501 563 569 sodi,
593 517 625 558 ac
646 501 736 556 Nobis
758 505 871 574 egregie
892 503 1023 560 obsecuti

11 583 168 636 hactenus
196 581 279 647 estis,
306 581 416 652 insigni
440 583 566 650 proiecto
586 582 753 636 meritorum
773 583 949 638 incremento
968 599 1022 638 cuo

11 660 196 725 mulabitis‚
225 675 258 714 ac
279 669 379 730 sponte
400 675 573 730 propensam
593 662 625 714 iu
645 667 699 714 vos
717 663 896 730 pontificiam
918 663 1021 718 voluu-

11 747 114 795 tatem
135 740 301 796 amiabitis
314 739 459 811 nrrsssjorern
481 741 511 794 iu
533 740 649 796 modum
671 741 710 794 ad·
732 741 1021 798 bmevolontissinos

11 835 93 892 erga
114 835 166 874 vos
179 829 286 874 ‘murus
309 820 484 888 apostolicae
505 819 648 886 carioris,
671 835 727 890 qua
747 821 865 876 iuterim
884 820 969 876 vobis
982 837 1021 879 en

11 901 126 956 animo
146 898 366 956 bonadicimnss
396 900 501 954 Datum
523 899 629 954 house
651 900 730 968 apud
747 900 913 955 &Mariam
928 899 1021 972 Major

11 996 100 1047 rem,
121 977 179 1032 sub
190 979 310 1032 Annulo
326 979 499 1047 piscatoris,
521 979 569 1034 die
590 980 731 1050 vigesima
751 995 827 1034 nono
842 979 1022 1048 Septembri·

11 1057 187 1116 MDCLIV.
209 1057 401 1115 Pontificatus
418 1057 520 1113 Nostri·
537 1074 613 1112 anno
636 1059 757 1160 decimo.
794 1101 797 1108 ι
856 1067 858 1076 “
904 1105 906 1112 ,

11 1291 211 1384 Epistola
230 1291 638 1466 Arcblepisgopffiranm
662 1295 707 1364 et
724 1249 1019 1425 Episcopcmm

577 1412 601 1465 e

49 1531 94 1584 iu
113 1527 299 1598 generalibus
322 1527 401 1582 Cleri
422 1526 568 1582 Gallicani
590 1525 715 1582 consitiis
736 1536 987 1600 congregatorum„
1011 1497 1014 1504 ’

96 1644 409 1741 ειιιοιιιιιιιο
427 1674 565 1742 nunus
583 1635 879 1742 'nuuxnuuuo
902 1672 948 1745 x.

262 1809 265 1818 «
329 1773 522 1830 PONTIFIOI
550 1773 730 1830 MAXIMO.
977 1800 980 1808 ¹

153 1967 156 1974 .
239 1909 468 1970 Beatissimo
495 1904 661 1967 Pater!

75 2004 147 2060 Non
169 2003 292 2060 obscura
312 2012 379 2060 eunt
368 2004 495 2060 tdivini
515 2006 645 2071 numinis
666 2006 801 2073 consilia,
825 2021 875 2060 cur
897 2005 1019 2062 Beati·

12 2086 181 2144 udinem
201 2083 361 2140 Vestram
383 2085 421 2138 ad
434 2083 628 2156 Episcopatus
643 2086 764 2155 spicam,
786 2083 818 2140 id
832 2091 884 2152 est,
903 2093 1018 2156 aposto-

12 2171 93 2224 ioae
113 2162 193 2224 aedis
213 2165 426 2234 principatum,
448 2162 671 2236 suffragantibus
693 2167 823 2220 omniun
837 2165 930 2231 votis,
952 2179 1017 2221 eve·

12 2247 102 2304 serit.
140 2242 279 2298 Intererat
299 2245 408 2316 quippe
428 2246 472 2302 rei
493 2245 683 2310 christianae,
704 2251 737 2300 ut
756 2245 781 2298 is
803 2245 942 2302 unitatem
961 2243 1015 2300 Ec·
1065 2262 1068 2269 ¹

13 2325 127 2384 zlesiae
148 2321 194 2376 bis
216 2321 400 2380 difficillimis
422 2323 600 2395 temporibus
622 2331 748 2395 regeret,
769 2325 822 2394 qui
838 2325 948 2394 pietate
963 2337 1016 2380 sua

13 2407 145 2464 sceleste
164 2399 343 2472 praesidium
365 2401 496 2460 fidelium
518 2405 598 2476 gregi
618 2405 780 2473 promereri
795 2412 907 2472 posset,
921 2410 1016 2474 atque

13 2481 176 2544 trudentia
197 2498 265 2549 sua,
287 2493 377 2554 aeque
398 2485 631 2549 concursantis,
653 2483 756 2539 duetus
776 2482 845 2538 ilica
866 2497 1015 2552 superare,

13 2565 127 2640 {uibus
149 2562 228 2618 Petri
248 2561 348 2629 navis,
378 2562 461 2634 cujus
486 2565 570 2620 clavo
591 2563 716 2619 icliciter
736 2561 860 2619 mnando
882 2561 1014 2618 muretus

14 2656 72 2713 s,t
98 2642 235 2700 atrociter
255 2642 426 2698 concutitur.
468 2641 527 2698 Nos
548 2657 632 2710 saue,
654 2643 707 2713 qui
726 2641 871 2698 ailbristo
890 2641 1016 2697 Domino

14 2744 35 2780 u
63 2728 182 2794 partem
204 2720 412 2777 sollicitudinis
433 2723 529 2778 vocati
550 2739 663 2789 sumus,
684 2721 846 2776 ministerio
867 2725 965 2776 nostro
982 2719 1015 2774 id

14 2807 131 2879 tgimus
152 2800 349 2870 assperioribns
371 2802 455 2856 aunis
477 2801 556 2870 apud
576 2803 671 2858 felicis
696 2801 850 2859 menariae
873 2799 1015 2860 Innocen-

14 2881 139 2942 iumXa
161 2887 192 2936 ut
214 2880 447 2938 constitutionem
468 2879 582 2947 ederet3
604 2897 662 2952 qua
682 2889 775 2936 motus
796 2881 830 2936 iu
845 2877 951 2934 Galliis
966 2893 1016 2932 ex·

15 2963 117 3028 isati,
148 2958 185 3018 ob
214 2959 348 3017 danaenii
369 2960 495 3032 Ipreusis
524 2960 670 3034 quondam
691 2959 831 3030 Episcopi
853 2957 1014 3014 doctrinam

15 3042 103 3102 ertia
124 3039 272 3109 capitibus
301 3040 552 3108 comprehensam,
580 3049 836 3108 compescerentur.
883 3037 1016 3092 Promol-

15 3132 115 3192 prium
144 3135 162 3172 a
188 3117 358 3174 Gallicanis.
376 3119 530 3189 Episcopis
558 3117 703 3174 decretum
731 3119 859 3174 studioso
885 3115 1014 3186 amplexi

18 3208 85 3260 unt
106 3197 209 3255 fideles
228 3199 349 3268 populi,
379 3197 502 3268 demptis
525 3197 642 3268 paucis,
671 3199 721 3268 qui
750 3198 786 3252 de
807 3197 942 3254 dansenii
962 3195 1013 3250 do·

18 3283 112 3338 trina
134 3277 210 3334 nihil
231 3279 420 3344 constitutum
438 3279 528 3334 luisse
545 3278 645 3347 palam
666 3292 730 3332 cum
756 3278 940 3343 simularent,
969 3276 1015 3330 in·

16 3360 97 3418 imis
128 3357 290 3412 animorum
318 3356 448 3412 sensibus
476 3373 513 3414 ex
539 3358 620 3412 illins
642 3355 826 3414 damnatione
846 3356 1014 3412 urebantur.

16 3443 130 3496 iorum
150 3437 350 3494 cavillationes
372 3437 434 3492 sine
454 3453 535 3492 mora
555 3435 784 3508 comprimendas
805 3436 876 3502 rati,
898 3433 1015 3506 judicic

16 3536 65 3576 uo
91 3516 284 3580 decreverunt
304 3517 516 3588 religiosissimi
538 3517 694 3586 Episcopi,
724 3515 853 3585 quinque
880 3513 1013 3583 proposi·

16 3605 111 3656 iones
143 3597 217 3652 illas
240 3596 278 3652 ad
309 3595 478 3657 dausenium
510 3597 674 3666 periinere,
710 3594 828 3667 ejusque
859 3594 1015 3664 opiniones

784 3667 851 3736 31*
