2324 3886
442 157 577 240 rennos
742 197 752 210 ·
879 215 881 218 -
941 176 1000 244 loe

26 315 117 383 species
145 319 251 370 sutum
277 313 431 384 mendum
458 319 487 368 ot
512 311 710 370 conditionem
734 313 861 370 hominis
881 317 1000 386 propris

26 395 180 464 respiciunt,
207 394 304 463 primo
331 393 400 451 tero
420 393 539 463 respicit
558 392 686 448 cotiones
708 391 745 446 sb
767 391 829 463 ejus
850 395 999 451 voluntste

26 473 126 528 elicitos
169 474 224 528 Per
244 471 400 530 secundem
422 479 450 528 ct
469 473 585 528 tertiam
605 469 672 527 ideo
692 471 781 526 liberi
801 489 908 541 sumus,
931 478 1000 546 quis

26 551 122 607 liberati
142 568 160 607 a
179 560 256 608 statu
277 551 466 624 subjectionis
487 559 547 605 tum
566 553 697 620 peccati,
719 561 779 606 tum
800 554 916 619 mortiet
947 570 1001 624 per

25 633 127 700 primam
148 647 217 688 vero
239 631 305 690 ideo
327 645 424 686 sumus
445 630 550 698 liberi,
581 631 701 701 quirin
722 631 875 688 eliciendis
897 633 1002 688 volun·

25 713 75 766 tetis
94 719 208 768 nostres
229 711 342 770 actibus
363 711 481 766 minime
503 726 601 766 sumne
623 711 731 777 coacti,
760 717 810 764 cut
829 713 999 768 necessitato

69 871 107 926 De
125 872 182 928 boc
203 871 293 941 igitur
312 871 406 940 primo
428 884 530 940 genere
550 869 711 936 libertatis,
736 883 787 924 seo
808 869 845 924 de
866 868 1000 926 libertate

25 955 121 1005 sctnrse
142 951 308 1021 quaerimus
329 950 393 1016 bic,
416 950 447 1004 in
469 964 526 1019 qao
540 949 599 1002 ille
613 949 768 1016 consistat,
790 957 822 1004 nt
836 949 1000 1006 evidentiore
1069 951 1071 957 ‘

25 1027 74 1095 ist,
84 1045 149 1100 -qnc
170 1031 284 1086 redosc
305 1028 415 1086 divine.
428 1029 565 1084 volentos
583 1029 702 1098 proprie
716 1027 810 1083 libere
825 1027 885 1082 dici
898 1029 999 1100 possit

26 1107 119 1163 Certum
140 1119 185 1164 est
205 1110 284 1164 enim
304 1124 337 1163 sc
357 1124 410 1180 per
430 1123 460 1164 se
479 1107 615 1174 evidens,
638 1123 695 1162 non
710 1107 780 1166 idea
792 1107 851 1163 dici
865 1107 999 1180 liberem,

24 1187 86 1256 qnod
104 1190 141 1244 sit
161 1188 289 1247 liberem
310 1203 327 1242 e
347 1195 466 1258 peceato
487 1188 537 1242 vel
556 1203 574 1241 o
593 1197 700 1255 morte,
729 1187 780 1242 scd
808 1189 878 1259 quie
901 1196 945 1244 est
965 1204 1003 1244 cx

25 1280 48 1318 se
64 1275 88 1320 et
105 1277 209 1324 nature
228 1284 280 1325 sae
293 1267 403 1334 libers,
426 1274 455 1322 et
463 1265 525 1337 jem
540 1266 681 1338 vidimus,
704 1267 863 1322 secundum
877 1275 1002 1326 mentem

26 1344 45 1398 i.
57 1346 190 1402 Bornerdi
206 1349 243 1402 sin
265 1363 299 1402 eo
320 1347 476 1402 consistere
497 1345 661 1402 libertstem
682 1353 818 1414 nstutee,
846 1347 926 1418 qnod
952 1364 1003 1404 vo·

26 1423 103 1480 lantes
120 1429 152 1482 in
174 1425 290 1482 actibus
311 1427 371 1482 soie
392 1424 561 1493 eliciendis,
590 1439 649 1480 non
675 1427 770 1480 solum
798 1442 815 1480 s
843 1428 1000 1496 coactione,

26 1503 162 1562 sedetiam
184 1524 202 1561 s
223 1507 393 1564 necessitate
413 1505 509 1560 libers
528 1505 583 1572 sit3
605 1505 630 1560 si
652 1507 729 1560 enim
751 1519 785 1560 eo
804 1506 890 1562 modo
909 1507 1003 1566 libere

26 1597 69 1636 noo
87 1593 171 1654 esset,
186 1587 250 1654 jaso
273 1583 396 1656 (inquit)
416 1586 539 1640 collectas
559 1599 612 1638 ooo
625 1594 714 1651 essetf
734 1585 781 1638 abe'
795 1588 893 1658 quispe
906 1604 1003 1642 seces·

27 1663 90 1727 edas,
110 1667 147 1718 ios·
166 1683 223 1719 noes
244 1675 283 1718 est
304 1666 440 1719 colantes,
528 1705 531 1708 -

70 1742 94 1796 2.
126 1743 290 1800 Dicendum
312 1751 355 1798 eet
375 1743 466 1815 igitur
486 1740 660 1815 (secondum
681 1744 762 1799 illias
785 1745 811 1798 S.
829 1745 922 1799 Petris
939 1761 1003 1802 sen·

29 1823 142 1890 codem,
162 1839 250 1896 quem
272 1825 363 1878 fusius
378 1821 488 1878 ibidem
504 1824 632 1893 explicet
646 1831 673 1878 et
686 1821 817 1896 probet),
838 1823 1003 1882 libertatem

30 1908 123 1958 sabroe
151 1919 202 1960 seu
231 1903 356 1960 liberum
384 1903 543 1962 voluntatis
572 1903 725 1958 erbitrIum
749 1919 816 1960 vere
838 1911 866 1960 et
885 1907 1003 1976 proprie

30 1976 51 2030 in
67 1995 95 2036 co
111 1985 284 2049 consistere,
307 1981 386 2054 qnod
407 1983 552 2036 voluntati
571 1982 656 2037 nulls
675 1997 770 2052 neque
784 1985 895 2039 coactio
909 2000 1004 2056 neque

29 2065 160 2118 necessitas
180 2063 340 2129 inferatur,
370 2062 422 2116 sed
451 2061 530 2132 quod
551 2063 731 2132 relinquetur
751 2062 846 2118 libere
866 2070 894 2118 et
914 2065 1004 2118 indil-

31 2136 102 2196 lerens
121 2143 158 2198 sd
178 2139 324 2215 egendum
344 2142 392 2198 vel
413 2157 471 2198 non
493 2141 653 2213 egendum,
676 2149 703 2195 et
722 2141 761 2196 od
783 2143 837 2197 hoo
857 2143 906 2196 vel
924 2143 1004 2198 illud

31 2219 164 2289 mendum,
194 2238 245 2278 seu
267 2230 325 2276 tem
346 2220 444 2292 quood
465 2222 650 2288 exercitium,
679 2236 765 2291 quom
792 2221 889 2292 quoad
910 2223 1003 2292 speci·

33 2293 169 2356 inderem
192 2309 309 2356 ectasin
330 2315 457 2356 suornm.

73 2377 106 2434 llt
128 2381 201 2436 hoec
230 2387 272 2434 est
299 2381 385 2436 etism
410 2381 569 2436 communie
591 2379 716 2434 eliorum
737 2379 785 2434 SS.
800 2379 919 2436 Petrum
939 2396 1004 2436 sen·

33 2457 114 2524 onie,
135 2469 166 2514 nt
186 2460 216 2514 S.
232 2459 403 2530 Hieronymi
424 2459 476 2512 lib.
492 2457 520 2513 2.
542 2466 642 2514 contra
663 2458 872 2526 desinianum,
894 2459 948 2517 ubi
962 2461 1005 2518 sio

32 2528 151 2603 loquitur:
184 2538 281 2594 Liberi
300 2539 409 2592 arbitrii
428 2555 477 2598 coe
496 2539 572 2596 Deus
593 2539 725 2602 ecesdide't,
756 2555 805 2592 ceo
824 2539 862 2594 ed
882 2542 1001 2604 otrtotee,

33 2626 67 2665 otc
83 2619 115 2669 od
133 2620 200 2674 citio
220 2621 378 2675 necessitate
399 2619 546 2685 trabem,-
573 2619 696 2689 alioqum
721 2618 768 2672 coi
786 2621 933 2674 necessitas
955 2629 1001 2684 est,

33 2705 67 2743 ¹¹⁶⁶
84 2697 215 2754 domatio
235 2715 284 2754 occ
304 2715 403 2754 cosona
424 2707 471 2752 cot.
514 2699 541 2754 S.
556 2698 707 2754 Ambrosii
726 2698 780 2754 lib.
796 2697 823 2754 2.
850 2701 881 2752 in
904 2700 931 2754 S.
947 2699 1004 2754 Lu·

35 2781 93 2826 an:
131 2777 193 2832 Neo
215 2787 300 2848 potes
322 2780 425 2842 diesem
456 2778 520 2848 pate
540 2779 626 2834 nobit
646 2787 671 2834 te
692 2777 787 2846 beneco
799 2778 914 2848 secere,
940 2788 1004 2834 cote

36 2862 92 2914 pom
110 2859 201 2924 posuit
229 2858 324 2912 bocum
351 2867 377 2912 et
402 2858 515 2921 mamm,
545 2867 574 2910 at
600 2874 653 2912 oon
677 2874 711 2911 ec
724 2859 886 2912 necessitate
908 2859 1003 2918 boam

37 2933 90 2984 boo
110 2947 190 3001 esset,
220 2939 268 2990 secl
295 2939 482 2992 solmensium.
531 2937 740 3008 &Augustini
774 2935 915 3008 deniqne,
952 2939 1004 3010 qui

37 3005 145 3093 llunbns
164 3017 196 3070 in
217 3017 292 3072 locis
312 3033 398 3088 egens
419 3015 455 3071 de
476 3015 570 3071 libero
592 3015 749 3072 voluntatis
778 3015 904 3074 orbitrio.
920 3015 1004 3088 dicit,

37 3098 60 3138 lt
75 3103 102 3144 eo
120 3096 289 3162 consistere,
318 3096 397 3167 qnod
423 3097 508 3152 homo
536 3097 630 3165 possit
653 3111 738 3166 cgere
758 3097 805 3150 vol
826 3112 886 3151 non
907 3113 1000 3168 egere,

38 3173 58 3216 ct
76 3168 124 3226 hoc
150 3175 197 3230 vel
225 3173 301 3230 illud
328 3191 425 3248 egere,
454 3173 692 3230 utinhom.12.
715 3189 752 3230 ox
773 3177 1001 3248 quinquaginta:

38 3240 107 3314 bo,
132 3253 243 3324 inque,
270 3271 330 3318 va.
353 3256 461 3325 fraces
481 3255 628 3320 massas,
658 3271 742 3325 quare
766 3265 880 3312 mana
899 3257 1004 3318 sacac

40 3323 66 3374 ld
82 3335 251 3398 peccantiam,
282 3351 340 3388 com
359 3335 435 3388 Deae
457 3336 582 3404 posceris
602 3335 730 3388 bominem
751 3336 780 3388 c'o
794 3345 929 3404 potestate
950 3352 1004 3388 ooo

41 3411 160 3465 menore
180 3417 313 3470 setosae?
336 3423 385 3468 etc
425 3414 484 3468 Dat
503 3415 610 3484 quidem
631 3414 753 3468 diabolas
773 3416 928 3480 consilium
955 3415 1004 3468 sed

44 3475 84 3535 ⁰2⁰
105 3491 245 3550 ominosa
266 3484 388 3548 'noevum
413 3503 468 3558 eet,
499 3494 541 3547 oei
560 3494 659 3562 clipeos
680 3495 723 3546 cel
741 3495 903 3562 repudiare,
933 3494 1004 3561 quod

44 3570 143 3631 'beent
182 3573 218 3630 lit
237 3573 291 3630 lib.
315 3571 350 3631 de
366 3573 475 3644 Spiritu
497 3580 525 3628 et
546 3573 669 3640 Ubere,
688 3587 754 3641 cop.
766 3571 814 3626 sl.
835 3571 868 3626 Io
885 3571 1006 3625 omnibus
