2270 3888
394 169 442 226 nal
456 180 576 226 crarta.
919 153 981 232 417

10 304 92 372 quique
118 309 212 374 potest
239 315 276 356 cx
297 301 397 356 cadom
416 311 513 356 massa·
533 303 627 356 iacere
653 313 722 370 tas,
751 301 835 359 alind
862 303 982 376 'quidem

11 379 192 448 inhonorem,
216 381 299 436 alind
320 395 388 436 vero
408 382 440 434 in
462 383 674 437 contumeliam.
876 385 878 402 ²
942 393 944 399 ·

232 547 557 700 ,succro
599 561 668 662 vs
769 545 801 636 ¹·

66 723 119 780 An
141 721 234 782 Deus
258 722 341 780 vallt
364 711 484 812 omues
503 721 655 780 homines
678 717 794 810 salsos
817 723 897 804 llari.

50 853 72 908 1.
111 855 248 926 Magnam
268 853 356 925 liujus
384 855 562 926 quaestionis
584 855 690 909 solutio
711 855 805 909 loccnr
821 854 909 910 dabit
928 857 976 925 iis,

11 947 60 1002 qnae
78 933 265 1004 praecedenti
285 933 413 988 sectione
434 933 513 988 dicta
534 941 615 1000 sunt=3
645 935 671 987 si
698 934 774 988 enim
798 947 867 989 sera
887 928 978 990 sitin

11 1009 49 1066 llec
68 1015 218 1080 voluntas,
246 1017 279 1066 ut
299 1026 396 1068 ornnes
418 1015 548 1068 homines
571 1013 646 1066 salvi
663 1013 753 1080 liant,
779 1015 923 1086 sequitur,
945 1021 978 1070 ut

9 1089 85 1146 lisdem
113 1087 289 1148 sufficientia
318 1091 500 1146 adsalutem
521 1093 675 1165 gratiarum
698 1093 810 1148 auxllia
829 1093 977 1163 praebeat,

10 1181 52 1224 ton
71 1173 155 1228 cliter
174 1171 304 1243 intelligi
326 1185 383 1226 non
404 1174 513 1242 possit,
543 1172 621 1242 qnod
642 1173 669 1226 ei
691 1173 757 1226 talis
779 1173 913 1228 voluntas
933 1175 979 1228 in-

10 1249 42 1317 it,
61 1267 122 1306 cum
143 1252 219 1306 bene
240 1251 316 1306 velle
332 1251 403 1319 Dei,
424 1253 555 1322 respectu
572 1260 783 1318 creaturarum,
804 1253 882 1306 nihil
897 1249 981 1308 alind

9 1327 42 1395 tit,
69 1347 153 1401 quam
182 1331 359 1392 benefacere.
414 1330 463 1384 Ad
493 1331 654 1384 faciliorem
685 1339 782 1384 autem
812 1333 980 1401 propositae

9 1411 161 1476 quaestionis
183 1411 387 1465 resolutionem
974 1417 979 1426 '

48 1489 205 1544 Notandum
228 1499 283 1556 est,
306 1489 455 1560 duplicem
475 1490 505 1542 in
522 1489 582 1544 Deo
597 1489 774 1544 voluntatem
789 1505 806 1543 a
821 1485 984 1562 'l'heolo‘gio

9 1561 138 1641 iistiugni‚-
162 1577 195 1624 ut
216 1577 340 1624 tractatu
353 1567 380 1622 2.
405 1583 467 1638 cap.
484 1567 511 1620 t.
536 1567 644 1622 dictum
673 1576 731 1636 cst,
761 1568 978 1626 antecedentem

8 1647 90 1702 tcilicet
111 1658 139 1704 et
161 1654 391 1719 consequentem.
436 1645 528 1718 Hujus
551 1646 668 1701 divinae
694 1648 853 1702 volontatis
875 1647 979 1703 dictim

9 1725 105 1782 cionem
135 1735 316 1800 agnoverunt
346 1727 392 1782 SS.
413 1727 528 1794 Patres,
556 1735 589 1780 nt
610 1733 721 1781 constat
741 1743 778 1781 ex
799 1743 832 1782 eo
852 1725 918 1784 loco
940 1730 980 1783 ci·

9 1809 59 1873 oto,
81 1817 109 1861 et
130 1807 228 1862 adhuc
247 1808 365 1876 plenius
387 1817 423 1860 ex
443 1807 522 1860 inira
542 1804 675 1860 dicendis
697 1807 848 1862 constabit.
890 1809 980 1864 Ante-

10 1885 85 1941 ciens
105 1887 163 1940 illa
185 1897 325 1957 est,·quc
346 1885 441 1952 Deus,
463 1884 769 1940 seeundum-nostrum
791 1887 980 1956 concipiendi

9 1965 112 2035 nodum,
142 1965 259 2037 aliquid
286 1979 325 2019 cx
346 1978 374 2020 sc
395 1965 460 2020 vult
481 1971 546 2020 ante
565 1966 777 2034 praevisionem
800 1967 981 2035 cooperatio·

9 2043 37 2095 ris
52 2054 243 2101 ereaturarum
263 2042 439 2100 liberarum:
471 2057 649 2115 consequens
670 2055 755 2110 vero,
784 2058 842 2115 qna
870 2045 979 2098 iacien-

9 2117 53 2176 dnu
65 2125 184 2197 aliquid
194 2124 332 2194 decrevit,
351 2122 495 2194 praevisis
510 2131 705 2178 ereaturarum
718 2121 877 2178 liberarum
891 2124 978 2178 bonis

9 2202 38 2254 nl
53 2207 134 2260 malis
155 2203 329 2259 actionibus.
684 2223 687 2234 ¹
970 2191 977 2211 ¹

46 2283 155 2339 Certum
178 2291 220 2338 est
240 2278 352 2350 autem,
374 2283 467 2338 Deum
489 2297 546 2337 non
569 2283 646 2336 velle
666 2281 814 2336 voluntate
835 2282 890 2336 illa
910 2293 979 2336 con-

8 2369 132 2430 ttqnentc,
161 2359 260 2418 omnes
280 2363 411 2417 homines
433 2363 528 2416 salvos
551 2363 630 2426 flori,
659 2361 717 2415 imo
738 2361 815 2414 vel-le
835 2363 977 2430 plurimos

7 2431 96 2497 illorum
118 2459 135 2496 a
157 2443 251 2497 salute
273 2441 443 2497 excludere:
470 2455 543 2512 qnos
565 2441 678 2494 scilicet
697 2439 845 2510 praecidit
858 2453 914 2510 per
927 2449 978 2495 vo·v

6 2508 98 2576 luntatis
119 2523 301 2592 'pravitatem
329 2528 516 2592 peccaturos,
552 2529 580 2574 et
608 2521 639 2574 in
667 2527 786 2590 peccato
813 2521 975 2576 morituros.

6 2586 32 2649 lo
53 2603 198 2656 voluntate
228 2602 319 2672 igitur
332 2595 525 2655 'antecedente
546 2600 696 2670 proposita
716 2601 847 2670 quaestio
868 2599 979 2654 intelll-

5 2679 75 2808 ζωὴ
93 2691 151 2736 est:
175 2697 212 2734 an
233 2679 443 2735 scssieotbous
466 2679 503 2734 ab
525 2687 647 2734 aeterno
661 2695 759 2734 veram
779 2679 979 2734 banneriam-

25 2765 118 2815 ntatem
141 2759 278 2814 salvandi
299 2775 396 2815 omnes
417 2757 566 2826 homines,
586 2759 717 2830 ipsisque
732 2760 763 2812 vi
776 2759 859 2812 illius
874 2759 978 2812 volnu-

6 2836 50 2891 otis
67 2843 175 2910 gratias
195 2839 233 2892 ad
253 2841 374 2895 salntem
401 2839 575 2894 sufficientes
604 2837 789 2907 conterendi,
816 2851 850 2892 oa
877 2835 977 2892 condi-

8 2913 109 2974 bosut
130 2921 185 2990 qui
206 2919 305 2991 gratiis
326 2919 485 2976 illisrecte
507 2920 669 2984 uterentur,
700 2917 738 2970 ad
765 2917 887 2972 salutem
911 2927 976 2986 per-

8 2998 128 3066 terirent3
159 2999 210 3069 qni
239 2995 333 3053 autem
361 3013 420 3052 non
448 2997 611 3064 uterentur,
642 3011 658 3051 a
687 2997 778 3052 saluta
800 2995 975 3052 exciderent.

8 3065 43 3127 Pro
61 3077 143 3149 cujus
165 3079 342 3132 resolutione
412 3098 413 3104 ¹

45 3154 67 3208 2.
99 3157 262 3213 Dicendum
283 3164 342 3227 est,
364 3155 653 3212 Deum-antecedenti
667 3156 815 3210 voluntate
832 3169 865 3210 eo
879 3170 975 3226 sensu,

8 3233 40 3296 toi
62 3253 148 3306 snpra
176 3237 338 3308 explicatus
367 3243 424 3303 cst,
461 3237 537 3291 velle
569 3249 666 3290 omnes
694 3235 825 3290 homiues
853 3237 975 3292 salutem

8 3318 128 3386 consequi.
812 3333 814 3338 ‘

45 3393 181 3449 Probatur
197 3395 221 3450 l.
252 3411 288 3450 ex
317 3395 474 3466 Scriptura.
533 3393 557 3448 l.
583 3394 621 3448 nd
646 3391 772 3450 Timoth.
795 3393 822 3447 2.
861 3393 976 3448 Obsecro

8 3461 90 3540 (inquit
121 3475 311 3546 Apostolus),
334 3475 402 3545 fieri
432 3475 643 3538 obsecrationes,
684 3477 818 3528 orationes
843 3483 890 3526 etc.
923 3489 977 3543 pro

10 3553 103 3607 omnibns
124 3556 273 3609 homicidas
288 3564 336 3609 etc.
359 3556 409 3608 loc
428 3556 497 3607 eao'm
518 3555 613 3608 bonum
635 3563 674 3608 ost
696 3563 723 3608 ct
738 3562 875 3622 acceptam
889 3569 980 3606 coram

36 3644 112 3702 lbsllq,
132 3651 229 3692 medulla
243 3650 376 3704 theologica.
739 3661 741 3666 ·
777 3629 817 3692 27
