2314 3888
238 203 492 248 ccasrroorrorrns
512 203 551 248 ar
571 203 742 248 nersronan.
921 184 984 250 too

15 321 105 376 rietatis
125 333 153 376 et
173 324 203 376 in
224 324 299 378 hano
321 321 417 378 sedem
438 321 602 381 illustribus
624 321 825 381 observantiae
845 323 921 378 notis
938 322 981 376 di·

15 401 124 470 tinetas,
147 419 232 474 quam
254 419 351 458 sacrae
372 401 532 472 sapientiae
552 410 579 456 et
600 401 759 474 insignium
782 402 898 456 Petrum
920 417 984 456 sen·

16 482 90 536 eutiis
111 483 232 537 validas.
268 481 314 537 Ea
333 483 380 536 his
400 483 529 552 proiecto
550 495 654 553 magna
676 497 739 536 cum
763 482 852 536 enutri
873 481 985 536 laetitia

15 563 194 630 eognovimus,
225 577 311 632 quam
339 562 425 633 vigili
447 571 475 616 et
494 561 654 632 praestanti
675 561 738 616 nelo
761 561 900 616 studeatis
921 577 986 616 cum

16 639 114 696 uendae
141 641 263 712 puritati
291 639 455 708 doctrinae,
490 655 576 712 quarn
604 639 640 695 de
668 640 796 695 fontibus
825 641 983 694 Salvatoris

15 730 121 774 ranetam
149 721 282 776 Ecclesia
312 719 442 775 Romane
474 720 682 788 communicat,
720 727 780 774 tum
810 719 983 790 perniciosis

15 801 151 856 invitatum
173 799 298 854 zizaniis
319 816 356 854 ex
382 799 618 875 agrodomhioo
640 798 804 854 dioecesum
825 807 985 854 vestrorum

15 879 159 934 :vellendis
204 878 275 934 'iam
303 879 482 950 praeclaram
510 877 577 949 ergo
605 878 701 934 sedem
726 880 914 948 apostolicam
936 877 986 933 ob·

15 961 86 1028 equii
107 959 253 1030 gironem,
264 959 636 1030 'utriacorruptrmnepue
651 959 804 1022 reonaois
822 958 986 1026 romonm,

15 1045 133 1092 antarum
164 1040 301 1094 virtutum
329 1037 438 1108 injuria
465 1051 533 1091 sane
560 1037 639 1091 foret.
684 1037 885 1093 Verumtamen
908 1037 986 1108 quod

15 1124 87 1170 restra
108 1126 209 1190 sponte
231 1117 342 1184 facitis,
371 1124 403 1171 nt
430 1119 460 1171 in
482 1132 559 1186 opus
581 1123 638 1170 tam
660 1117 786 1172 salutare
807 1117 986 1174 Jansenismi

15 1195 130 1251 edicitus
153 1195 320 1266 extirpandi
342 1194 658 1260 seduloincumbatis,
687 1211 740 1266 pro
763 1196 909 1250 Pontificii
937 1195 986 1250 de-

15 1275 50 1328 titi
76 1275 290 1342 sollieitudine,
318 1291 369 1330 vos
398 1278 483 1330 etiarn
512 1283 597 1347 atque
620 1275 705 1329 etiem
727 1273 836 1330 hortari
856 1291 914 1330 non
936 1275 986 1331 de·

16 1353 122 1410 inimus.
165 1355 223 1410 Sed
250 1353 338 1426 hujus
366 1355 436 1410 moli
461 1355 604 1409 vivacitas
634 1369 781 1426 nunquam
801 1355 917 1425 penitus
938 1370 987 1410 ex·

15 1433 153 1504 inguetur,
183 1435 241 1489 uisi
269 1442 368 1490 contra
393 1443 577 1490 contumaees
605 1434 643 1488 ed
662 1449 771 1504 poenas
794 1435 986 1506 praescriptas

15 1526 28 1564 u
47 1515 248 1570 constitutione
270 1515 317 1568 tei.
340 1513 449 1571 record.
472 1513 634 1571 innocentii
647 1514 682 1569 Χ
703 1523 732 1568 et
751 1517 783 1568 in
805 1515 864 1570 alia
881 1513 985 1572 Nostra

16 1592 66 1646 erio
85 1593 267 1664 procedatur.
312 1593 400 1648 Porro
422 1601 515 1648 tutem
536 1593 634 1648 omnia
655 1591 811 1664 diligenter
835 1602 933 1648 curata
953 1609 985 1650 eo

15 1673 161 1728 reniteret·
175 1672 348 1743 expertium
365 1673 471 1739 fluent,
498 1687 557 1744 ouo
578 1673 721 1732 canssimi
741 1674 772 1726 in
794 1673 910 1728 Christo
932 1673 988 1731 iiii

15 1747 88 1808 tostri
109 1754 186 1824 regis
206 1753 442 1824 christianissimi
462 1754 555 1825 magia
576 1753 681 1811 enituit
701 1753 733 1808 in
752 1753 807 1808 hae
835 1754 900 1822 ipse
923 1767 987 1808 aan-

15 1835 54 1884 tae
74 1831 155 1888 Fidei
176 1847 263 1890 cansa
282 1833 376 1902 pietas
397 1847 431 1888 ao
451 1831 580 1902 religio·
613 1831 647 1886 ln
671 1833 786 1902 reliquo
806 1848 857 1888 ros
878 1847 986 1900 omnes,

15 1907 93 1966 tilecti
116 1913 172 1968 tilii
193 1909 306 1978 Nostri,
335 1910 516 1966 venerabiles
537 1911 638 1966 iratres
660 1919 687 1965 et
709 1911 809 1966 dilecti
830 1911 988 1978 fllii‚..exi-

16 1989 53 2044 oio
71 1999 209 2064 paternae
230 1991 359 2048 caritatis
379 1989 783 2059 voluntate-complectimur,
812 1997 841 2044 et
868 1990 988 2048 Pontifi-

16 2067 69 2126 ium
90 2068 303 2144 patrocinium,
331 2070 383 2128 ubi
411 2085 479 2126 usus
507 2081 570 2124 esse
597 2068 719 2139 poterit,
750 2069 875 2140 henigne
900 2069 989 2140 polli-

17 2163 97 2204 emur.
141 2149 198 2207 Sed
224 2151 450 2206 omniameiins
471 2148 557 2207 etiam
578 2147 755 2204 venerabilis
776 2150 863 2204 frater
884 2148 989 2206 Archi-

16 2228 146 2301 piseapua
168 2232 325 2287 caesareae
340 2229 470 2287 Nunnius
483 2227 587 2284 Noster
607 2227 754 2286 edisserat
786 2228 905 2286 interim
920 2242 990 2298 apo·

16 2307 125 2366 tolicam
149 2309 381 2366 benedictionem
401 2309 560 2378 unicuique
580 2314 706 2365 vestrum
733 2314 914 2376 peramanter
934 2309 988 2366 im·

16 2390 144 2446 ortimnr.
186 2390 292 2446 Datum
309 2386 601 2458 (taetri-Gentinlphi
616 2386 670 2442 sub
685 2387 803 2444 Anneio
824 2387 988 2458 piscatoris,

17 2467 43 2522 ie
59 2469 104 2526 to.
114 2469 188 2542 Moji
203 2469 359 2524 millesime
372 2467 580 2528 sexcentesimo
595 2467 774 2539 sexagesimo
787 2467 892 2540 primo,
913 2467 989 2524 Pou-

17 2546 121 2610 ticatus
140 2547 335 2606 Nostrianno
357 2549 488 2619 septimo.
