2304 3888
290 195 510 242 samsarsoas
525 197 658 242 sauram·
903 179 966 250 237

12 317 48 370 titt
68 319 197 374 edendos»
222 321 348 388 spissim
377 327 404 372 st
430 333 515 372 sensa
536 318 650 388 repleuit
668 335 715 372 our
734 319 847 374 illumne
889 319 970 375 'I'tsm-

12 397 187 464 tirnesco,
209 396 287 470 quod
306 396 378 454 Gen¹
392 396 420 452 2.
441 395 571 452 Adsmua
593 397 650 452 Dei
664 395 750 468 jussu
770 401 881 454 eunetis
902 399 966 455 ani·

12 477 122 532 nantibus
142 478 262 534 nomina
278 477 399 547 propria
418 475 572 546 imposuere
594 476 671 532 unsls
685 479 826 548 sequitur,
846 479 965 534 illorum

11 556 105 612 tunium
117 556 306 612 animantium
320 563 437 619 namtas
450 555 556 613 oaliere
571 555 722 624 debuisses
744 558 862 615 nomina
876 559 964 626 enim,

11 647 58 704 tate
74 650 138 690 sera
156 643 185 690 et
204 637 324 708 propria
344 644 423 701 sunt,
443 634 553 690 ueneat
565 637 675 692 naturis
689 649 783 694 retum
799 647 966 708 oongruere.

11 709 49 766 loe
64 723 224 785 argumento
245 714 283 770 sd
302 713 501 788 probandum,
529 715 686 786 perieulum
712 731 807 773 rerum
833 717 967 774 omnium,

11 791 134 850 isliamo
154 793 246 850 tuisse
264 795 424 860 seientiam,
446 795 537 850 utitur
551 795 578 850 S.
595 795 816 864 chrysostomus
829 795 931 850 homi

11 869 100 928 iuGen.
121 881 149 928 et
168 883 236 944 post
255 873 341 931 illum
362 875 390 928 s.
413 873 538 930 Thomas
560 889 656 944 supra.
864 899 867 904 ·
931 894 934 904 ·

47 951 196 1008 Dicendum
218 953 346 1024 inquotl
366 953 499 1023 quamvis
519 951 648 1008 ausura
669 953 747 1010 eluro
773 961 805 1008 et
827 953 965 1009 iussitire

11 1025 107 1087 inuam
124 1034 357 1093 essentiam-'non
377 1035 553 1104 cognoverit,
573 1033 658 1088 illum
674 1042 767 1088 tamen
781 1033 866 1105 louge
880 1033 967 1088 altio·

12 1121 45 1161 en
62 1120 84 1165 et
101 1107 302 1182 perfectiorem
324 1111 379 1166 Dei
399 1111 592 1184 segnitiouens
616 1111 769 1179 habuisse,
797 1125 884 1183 quam
911 1127 965 1168 uos

12 1188 64 1244 nodo
81 1178 244 1247 habeamus.
285 1191 329 1248 Ita
350 1193 377 1248 S.
399 1191 524 1250 Thomas
546 1207 634 1262 supra
653 1201 706 1246 nrt.
723 1191 749 1246 i.

45 1267 116 1334 Quod
136 1271 246 1326 uiarum
266 1271 405 1336 esseutiae
427 1269 544 1342 diuinae
565 1271 707 1328 visionem
734 1287 791 1326 non
819 1269 964 1340 habuerit,

12 1353 56 1402 otte
74 1349 173 1418 probat
195 1349 223 1404 S.
247 1350 353 1406 Dostor
372 1365 409 1406 ex
429 1365 478 1417 eo,
505 1345 601 1422 quod,
626 1349 652 1404 si
673 1365 735 1405 eam
755 1349 920 1421 habuisset,
946 1365 966 1406 a

12 1423 46 1480 leo
62 1443 108 1500 per
126 1438 278 1502 peooutum
299 1429 390 1484 averti
411 1444 468 1484 non
489 1431 645 1500 potuisset,
672 1431 760 1498 siout,
772 1437 966 1502 neopossunt

12 1518 58 1560 true
75 1507 150 1566 beati
172 1511 205 1565 in
225 1509 316 1564 ooelo.
610 1561 612 1568 ,

44 1585 116 1652 Quoi
136 1596 233 1646 autem
254 1588 380 1660 cognitio
401 1588 470 1654 ills,
493 1602 579 1658 quam
600 1586 636 1642 (le
654 1587 715 1642 Deo
736 1589 855 1656 habuit,
878 1589 966 1646 altior

12 1673 23 1714 ·t
35 1668 175 1734 perfectior
196 1669 285 1722 inerit
308 1683 357 1732 ea,
386 1681 471 1738 quam
499 1680 577 1721 nune
604 1666 766 1734 habemuse
788 1675 911 1724 oonstat·
927 1683 965 1724 ex

11 1755 36 1808 o,
53 1743 140 1816 quosi‚·
160 1763 227 1804 oum
248 1745 446 1802 non-‘haberet
466 1759 570 1816 eorpus
591 1747 665 1812 tale,
687 1747 767 1818 quod
789 1748 835 1820 (ut
855 1750 896 1802 ait
909 1749 973 1803 *sn-2

11 1821 62 1877 tiens
78 1839 138 1896 oap.
159 1825 205 1897 9.)
233 1834 402 1897 aggravaret
429 1827 554 1881 animam
583 1833 611 1879 et
637 1839 751 1884 sensum
780 1825 963 1898 deprimeret,

11 1915 96 1974 :unque
117 1906 162 1978 (ut
182 1912 283 1976 postea
303 1904 429 1976 dioetur)
457 1905 608 1960 inferiores
633 1907 744 1961 animae
764 1907 911 1978 potentiue
932 1909 964 1962 in

11 1977 82 2038 lloits
95 1993 193 2040 essent
213 1984 371 2052 ordinatae,
383 1991 425 2039 -ut
444 1986 571 2055 periente
588 1985 787 2054 superioribus
808 1983 966 2044 subissen-

11 2073 47 2126 u,
72 2079 120 2119 noo
148 2079 199 2120 eas
226 2064 288 2118 ullo
316 2063 401 2120 metio
426 2063 615 2134 impedirents
642 2064 713 2122 hino
738 2064 826 2121 flebat
853 2064 900 2136 (ut
925 2067 968 2122 ait

10 2139 21 2188 i
38 2139 165 2217 lioctor)‚·
181 2143 260 2216 quoti
282 2142 372 2198 Homo
393 2159 451 2198 nou
472 2143 687 2214 impediebatur
707 2159 759 2214 per
779 2159 829 2198 res
845 2147 967 2202 exterio-

10 2231 34 2270 ts
50 2237 63 2274 a
80 2225 156 2280 elasa
178 2231 207 2277 et
227 2224 309 2278 firma
329 2224 572 2293 contemplatione
600 2239 694 2278 rerum
721 2223 965 2294 intelligibilium,

9 2307 95 2364 pamm
116 2301 314 2376 segnitiouem
334 2297 386 2372 per
406 2304 517 2372 primae
537 2303 668 2356 vertutis
687 2302 907 2358 irradiationem
925 2304 967 2358 is·

9 2375 64 2433 iius
88 2379 281 2453 percipiebat:
307 2381 468 2450 ,Addimus
488 2397 529 2438 ex
550 2382 578 2436 S.
600 2381 763 2452 Augustino
784 2381 837 2436 lib.
861 2379 906 2436 il.
926 2381 967 2439 ¹tie

9 2449 53 2510 uu.
68 2461 157 2516 adlit
175 2459 438 2530 eisprosabfflser
459 2461 520 2519 ‹lioi
538 2473 639 2532 posse,
660 2459 752 2516 Deum
773 2469 843 2516 tuno
862 2461 966 2532 print‘u

9 2529 150 2596 louinibus
169 2541 299 2596 loentum
320 2540 418 2608 suisse3
447 2539 521 2596 siout
540 2533 626 2611 loqui
644 2538 716 2595 solet
733 2541 875 2614 Angelis,
902 2542 977 2610 ipsa.

9 2619 207 2676 neommutsbiii
227 2619 348 2677 veritate
370 2619 520 2676 illustrent
547 2627 656 2676 meutes
682 2632 796 2688 eorum,
825 2622 880 2676 etsi
907 2637 965 2676 non

9 2705 45 2748 un
62 2705 137 2754 tanta
156 2699 381 2770 participatione
402 2699 520 2754 (livinae
540 2699 624 2754 lueis·
685 2731 686 2736 κ

41 2773 64 2828 i.
92 2777 255 2834 Diueutlnm
269 2778 296 2834 3.
317 2777 517 2834 Atiamo'ante
536 2787 686 2850 peceatum
707 2779 845 2848 mysteria
865 2777 966 2848 aliqua

9 2859 214 2920 spernatunslia·
227 2854 368 2914 (livinitus
386 2857 473 2914 iuisse
488 2859 630 2913 revelata:
652 2873 686 2912 ea
700 2855 821 2926 seilicet,
843 2872 966 2928 quornm

9 2935 101 3002 uguitio
120 2939 153 2992 in
175 2939 269 3008 primo
288 2937 343 2992 illo
363 2943 439 2992 statu
453 2938 508 2992 init
520 2938 579 3008 ipsi
589 2937 762 2998 necessaria.
791 2937 835 2992 Ita
846 2939 872 2992 S.
888 2935 966 2994 uno·

9 3023 43 3064 aas
60 3024 107 3069 art.
121 3013 151 3072 3.

42 3090 118 3150 Unde
146 3095 181 3151 8.1
198 3095 381 3166 Epiphanius
408 3096 496 3150 initio
518 3095 637 3152 Panarii
664 3095 808 3152 adversus·
822 3095 871 3156 80·
896 3083 983 3152 ¹luae-‘2

9 3179 56 3224 stes
83 3173 169 3242 dieii,
201 3177 371 3247 mysterium
401 3175 598 3232 sanctissimae
626 3175 777 3233 Trinitatis
809 3175 896 3232 inisse
927 3175 964 3232 ab

9 3243 90 3334 lituo
107 3255 264 3326 eognitum.
302 3253 343 3311 -Et
356 3255 383 3309 S.
399 3255 505 3310 Dostor
516 3251 543 3314 2.
566 3253 593 3308 2.
610 3247 758 3326 quaesti.
774 3263 825 3312 art.
840 3255 868 3310 i.
890 3267 965 3312 asee-

9 3331 37 3392 tt,
57 3330 148 3388 sitient
169 3332 284 3390 sorno
301 3331 445 3390 divinitus
464 3333 624 3396 innotuisse
643 3336 812 3404 mysterium
832 3337 976 3390 incarne*

9 3401 81 3476 ionis,
109 3428 167 3468 non
194 3412 311 3484 quidem
338 3419 372 3468 ut
390 3414 446 3468 tuit
465 3411 628 3467 institutum
649 3413 688 3467 ati
707 3413 891 3472 literarium
911 3415 978 3468 ists·

9 3495 92 3544 litum
114 3507 203 3562 genus
222 3499 393 3563 apeoeato,
422 3491 472 3548 ssd
496 3499 527 3546 ut
547 3489 713 3548 ordinatum
734 3500 794 3548 erut
814 3491 853 3546 asi
873 3491 964 3548 beati-

9 3559 281 3638 isanios.ltominea‚-
300 3585 352 3626 ssu
374 3572 452 3642 ipsos
473 3570 510 3626 sd
532 3571 639 3626 uiarum
661 3571 716 3626 Dei
737 3569 878 3626 risiouem
898 3585 965 3639 pes·
