2332 3880
34 113 35 116 ,
74 113 77 130 1
142 42 186 110 ei
577 61 614 106 ns
628 61 702 106 τινι

143 181 260 243 ridetm
279 181 328 239 hie
349 181 525 256 inquirere,¹
543 189 614 252 quot
634 181 799 252 iniustius
817 183 937 254 species.
979 181 1037 242 Pro
1057 181 1141 253 euin

144 261 344 331 pesolutione
447 309 449 314 .
766 324 768 333 .
826 329 827 334 η
1068 323 1070 330 ,

205 339 367 394 Dicendum
393 338 416 392 t.
448 339 474 393 si
494 347 639 410 spectetur
660 339 813 394 diversitos
835 355 961 394 errorum
983 341 1141 410 porticulo·

144 421 218 482 rium
242 435 306 474 com
326 417 395 476 Fide
416 419 623 490 pugnantium,
653 417 838 478 determinari
859 433 918 474 oon
938 430 1041 489 posse,
1069 429 1141 490 quot

145 498 204 554 si'nt
224 499 334 570 specics
356 497 554 565 infidelitatis3
580 499 605 552 si
626 514 694 554 vero
717 497 833 557 diverse
853 497 1036 571 solummodo
1057 501 1141 566 ratic,

146 595 204 650 quc
221 577 389 637 »infidelitas
417 586 511 648 potest
539 577 688 634 adversari
710 577 805 646 nicer,
834 586 891 634 tres
918 579 1002 632 iilius
1029 580 1141 650 species

146 673 163 714 s
183 657 212 726 S.
229 655 355 726 Thema,
386 665 414 712 et
440 659 629 728 communiter
650 659 686 712 sb
708 657 775 714 eliis
798 657 964 718 doctoribus
987 658 1140 730 distingui,

144 752 248 806 nempe
269 735 490 808 Pergamenum,
513 733 695 806 Judeismnm
718 744 747 791 et
768 735 923 794 Haeresim.

172 863 175 871 ,.
204 815 288 875 Prior
307 829 374 886 pers
395 814 482 886 hujus
503 817 669 873 assertionis
691 825 803 876 constat
823 833 861 871 ex
880 832 937 884 eo,
962 815 1041 886 quod
1067 833 1141 871 erro

145 896 278 966 remqoi
301 911 365 952 cum
380 894 450 952 Fide
463 903 607 966 pugnent,
630 897 737 953 induiti
753 912 814 952 esse
828 897 957 969 possint,
979 904 1012 950 nt
1029 895 1140 952 indicet

145 975 173 1033 S.
188 975 368 1044 Augustinus
389 973 442 1034 lib.
465 975 500 1028 de
520 973 697 1032 haeresibus.

167 1110 170 1118 ,
204 1054 349 1110 Posterius
369 1053 524 1124 probetur,
552 1057 622 1126 quis
650 1057 682 1126 si·
697 1055 800 1110 vitium
821 1055 1020 1116 consideretur
1042 1064 1139 1126 quate·

144 1150 198 1208 uus
220 1133 388 1189 adversetur
408 1133 527 1204 virtuti,
555 1142 596 1188 tot
623 1150 658 1188 ex
680 1133 735 1190 heo
754 1142 835 1204 parte
857 1133 998 1208 assignari
1017 1143 1139 1204 possunt

144 1213 255 1286 species
277 1211 379 1280 illius,
397 1219 466 1282 quot
486 1213 580 1268 modis
602 1214 743 1285 contingit
760 1213 836 1270 illud
851 1215 953 1270 virtuti
967 1229 1135 1286 repugnare,

144 1287 195 1350 scd
221 1291 379 1349 infidelitas
408 1292 500 1348 tribus
527 1293 699 1362 praesertim
728 1291 822 1348 modis
854 1300 1012 1366 repugnare
1046 1301 1135 1362 potest

141 1371 241 1440 Fidei,
272 1379 302 1424 ut
330 1369 412 1426 docet
442 1373 468 1426 S.
487 1371 614 1426 Thomas
642 1374 730 1426 citetn
756 1379 864 1443 quaest.
884 1373 928 1429 ¹0.
950 1380 1001 1427 ert.
1018 1375 1048 1427 5.
1073 1375 1135 1442 quis

143 1457 194 1523 eut
214 1459 354 1524 repugnet
375 1449 456 1507 Fidei
477 1451 651 1518 christianes
672 1451 801 1506 nondum
826 1459 993 1524 susceptae,
1021 1459 1053 1505 et
1074 1452 1133 1506 tulis

143 1529 301 1598 infidelitas
332 1538 375 1584 est
403 1529 583 1602 Pegenorum
612 1546 661 1586 seu
685 1529 891 1598 Ethnicorum,
919 1539 969 1584 sut
996 1537 1134 1602 repugnet

141 1605 222 1666 Fidei
244 1611 418 1664 christianae
441 1618 589 1682 susceptos
609 1611 639 1664 in
662 1611 767 1682 figure,
788 1618 816 1666 et
837 1609 908 1666 hoec
922 1611 1131 1675 estintidelitss

142 1689 337 1758 Judseorum3
368 1689 414 1744 vel
438 1689 569 1762 deniqne¹
583 1697 723 1760 repugnet
744 1689 825 1746 Fidei
846 1690 1020 1746 christianae
1045 1705 1132 1746 susce·

139 1776 208 1842 ptos
229 1767 262 1822 in
282 1769 348 1838 ipss
368 1770 599 1825 manifestatione
619 1765 765 1840 veritatis,
788 1777 817 1823 et
836 1765 907 1826 hoec
921 1776 962 1824 est
977 1769 1132 1826 infideliter

141 1842 372 1926 Haereticorum3
401 1847 479 1906 unde
499 1855 595 1920 petet,
617 1855 674 1906 tres
695 1849 858 1920 praedictus
879 1850 988 1922 species
1009 1847 1132 1904 infideli·

140 1928 209 1986 tetis
231 1935 305 1984 recte
327 1925 477 2000 distingui.

179 2003 227 2070 ,2.
271 2003 432 2078 Dicendum
454 2007 481 2062 2.
510 2023 547 2061 ex
573 2007 620 2062 his
648 2006 741 2064 tribus
769 2007 953 2062 infidelitatis
982 2007 1129 2077 speciebus

140 2087 313 2156 simpliciter
324 2085 481 2158 loquendo,
492 2085 695 2142 infidelitatem
707 2087 921 2152 Haereticorum
936 2099 996 2140 esse
1009 2089 1130 2144 omnium

140 2165 340 2235 deterrimam,
363 2175 391 2220 et
410 2166 587 2223 Judeeorum
610 2165 781 2222 deteriorem
803 2181 888 2237 quem
910 2165 1083 2236 gentilium,
1106 2170 1129 2218 ot

141 2243 225 2302 docet
247 2245 273 2302 S.
291 2245 416 2302 Thomas
436 2253 489 2300 ert.
506 2245 535 2302 6.
557 2245 626 2319 quie
645 2245 760 2302 scilicet
780 2245 936 2315 pessimum
951 2253 1011 2314 est,
1036 2245 1127 2300 adver·

139 2325 199 2396 seri
225 2323 306 2385 Fidei
334 2332 484 2396 susceptae
508 2325 539 2380 in
560 2325 792 2382 manifestatione
813 2325 960 2395 veritatis,
989 2325 1072 2396 quod
1096 2325 1128 2378 ie·

139 2405 222 2462 ciunt
241 2404 402 2472 Haeretici3
429 2413 457 2460 et
476 2401 561 2476 pejus
583 2411 641 2472 est,
663 2403 811 2460 sdversnri
831 2401 912 2460 urcei
933 2413 1085 2474 susceptae
1102 2403 1125 2456 iu

138 2485 248 2554 figure,
277 2483 356 2556 quod
384 2484 495 2539 faciunt
514 2483 638 2552 Judeei,
669 2499 753 2556 quem
774 2481 857 2543 Fidei
877 2483 961 2542 nollo
981 2484 1072 2540 modo
1090 2497 1125 2536 su·

139 2571 271 2632 coeptae,
299 2570 331 2618 nt
357 2561 467 2632 Psgcni
496 2570 525 2618 et
543 2563 671 2618 Ethnici.
714 2563 801 2620 Unde
823 2566 850 2620 S.
865 2563 968 2618 Petrus
991 2562 1090 2636 (epist
1104 2557 1124 2612 2.

139 2658 202 2712 cop.
225 2641 252 2698 2.
283 2641 318 2700 de
345 2641 467 2700 Jndueis
494 2651 522 2698 et
542 2639 701 2710 Haereticis
726 2641 860 2716 loquens)
888 2643 998 2707 meliro,
1030 2639 1123 2712 inquit,

139 2731 199 2776 erat
220 2724 272 2786 eir,
302 2740 356 2776 coo
375 2739 521 2792 conoscere
543 2725 614 2776 ciem
627 2723 767 2792 justitias,
790 2739 871 2794 quom
885 2731 952 2794 post
971 2723 1124 2792 aperitionem

139 2811 285 2856 retrorsum
313 2804 439 2858 concerti.
490 2801 553 2869 Qun
581 2801 617 2856 de
645 2817 675 2856 re
704 2799 846 2858 videndus
869 2803 896 2856 S.
913 2802 1122 2872 Chrysostomns

136 2881 238 2936 homil.
255 2881 301 2937 50.
331 2881 369 2936 ed
395 2883 536 2950 populum
564 2881 699 2936 Antioch.
721 2881 774 2936 ubi
794 2878 893 2936 multis
915 2890 1070 2954 exaggeret
1088 2880 1122 2932 in·

137 2960 307 3016 ddelitetem
333 2959 528 3030 Judseorcm;
557 2968 585 3014 et
607 2961 634 3014 S.
655 2961 847 3032 Hieronymus
867 2962 898 3014 in
920 2973 984 3031 cop.
1004 2961 1050 3017 ts.
1077 2959 1118 3012 isc

136 3041 188 3094 ubi
210 3039 328 3106 asserit,
352 3041 521 3096 Haereticoe
536 3040 685 3112 impietate
704 3054 840 3110 superare
855 3055 1045 3112 quoscunque
1060 3038 1119 3094 elios

135 3119 278 3179 infideles.
